2670 4688
162 710 1023 931 ffsslsslffllsstnmsu*

206 956 1206 1155 excussus

147 1136 228 1215 *unilt
256 1140 286 1197 'ar
311 1146 400 1206 .t}2·.·'l
424 1144 495 1199 ,12:52
539 1144 575 1217 l”
595 1162 693 1273 'sm
835 1166 846 1193 ,-

438 1367 894 1442 lllAIsE'c‘TOS

315 1485 1020 1643 nutonrumuns,

489 1830 840 1853 §.m——

138 2026 197 2118 De
229 2052 371 2119 Dialectis
405 2055 437 2117 in
469 2065 572 2118 nostro
599 2051 743 2135 scriptore
773 2051 873 2114 obviis
904 2050 1061 2135 seperatim
1095 2073 1201 2137 agere,

139 2166 229 2227 quam
243 2144 356 2225 ubique
375 2145 408 2205 in
424 2146 503 2206 notis
524 2144 656 2206 diversas
671 2143 825 2226 opiniones
846 2134 982 2206 infercire
999 2140 1103 2223 malui,
1126 2158 1200 2206 tum

139 2230 221 2313 quod
241 2231 274 2290 iu
296 2231 515 2292 contentionem
538 2231 675 2306 taudem,
705 2243 739 2292 ut
759 2232 811 2308 fit,
839 2232 911 2293 abiit
931 2231 1005 2292 haec
1025 2252 1093 2305 res,
1126 2244 1203 2307 tum,

138 2315 220 2399 quod
234 2315 337 2399 peullo
358 2317 487 2400 emplius
506 2317 544 2380 de
566 2341 600 2379 ea
622 2318 766 2380 disserere
786 2317 888 2381 visum
909 2317 976 2379 fuit.
1014 2318 1102 2393 Quod
1119 2317 1199 2381 dum

63 2437 65 2441 ·
137 2418 277 2485 tyronum
306 2405 339 2466 in
365 2406 488 2488 gratiam
515 2405 611 2480 facio,
641 2406 728 2467 etiam
758 2404 892 2490 vulgaria
920 2404 1085 2486 quaedem,
1121 2404 1197 2468 sliss

56 2553 60 2559 ,
138 2490 301 2552 omittenda
321 2494 439 2572 potius,
467 2513 527 2554 uon
554 2491 812 2576 praetermittenda
834 2491 917 2553 duxi.
971 2496 1021 2555 Ex
1041 2514 1079 2554 co
1102 2494 1195 2569 enim,

117 2577 219 2659 ·quod
245 2574 343 2640 libelli
369 2577 459 2640 huius
488 2579 625 2641 Editorcs
654 2578 729 2641 edeo
754 2579 940 2661 discrepent,
977 2576 1051 2640 alter
1077 2594 1194 2662 praeter

137 2671 325 2726 communem
346 2664 398 2727 vel
417 2665 518 2748 potius
534 2667 660 2726 Atticam
678 2678 713 2726 ut
725 2663 840 2727 nullam
862 2679 1000 2749 agnoscet
1018 2664 1194 2748 dialectum,

137 2750 208 2830 sed,
242 2753 268 2813 e'i
289 2750 450 2834 quidinde
471 2752 528 2814 sibi
550 2752 745 2827 contraxerit,
775 2752 914 2814 vitiosam
935 2750 1096 2815 lectionem
1118 2776 1195 2836 pro-

136 2839 267 2917 nuntiet,
289 2838 361 2900 alter
382 2839 544 2901 certissima
564 2836 910 2911 omniumldielcctorurn
933 2840 1062 2925 vestigia
1081 2840 1194 2924 deprc-

135 2923 275 2986 hendisse
294 2924 352 2987 sibi
373 2926 530 3004 videatur,
550 2937 648 3008 patet,
675 2925 809 2987 nondum
831 2925 868 2988 erl
888 2924 1012 3009 plenum
1030 2925 1196 2991 deductam

134 3031 199 3072 rem
222 3030 297 3072 esse.

219 3094 418 3159 Dialeotornm
448 3097 582 3159 notitiam
601 3119 648 3167 ,eo
678 3098 772 3182 megis
802 3094 907 3160 utilem
936 3111 966 3160 et
991 3100 1193 3164 necessarism

133 3179 252 3260 iudico,
274 3202 334 3263 quo
355 3182 461 3244 certior
481 3205 567 3260 suen,
588 3206 676 3266 quem
696 3184 842 3268 plurimos
864 3207 903 3247 ex
924 3207 1023 3248 cerum
1046 3187 1191 3271 ignoren-

69 3271 75 3279 '
132 3270 176 3328 tis
194 3266 356 3330 multorum
373 3274 572 3352 Interpretum
594 3293 707 3334 encres
727 3272 913 3355 provenisse,
933 3272 987 3334 sed
1009 3293 1060 3334 ess
1078 3275 1191 3359 digno-

21 3404 23 3407 .
58 3419 63 3426 x
132 3376 215 3417 scere
234 3365 295 3417 noh
319 3369 381 3417 tem
401 3355 488 3419 facile
509 3359 667 3438 existimo,
689 3371 724 3421 ut
745 3361 844 3421 omnia
863 3358 1006 3442 peculiari
1027 3380 1086 3422 suo
1105 3361 1193 3425 idio·

133 3443 204 3504 mati
229 3441 390 3505 adiudiecs.
1060 3484 1064 3495 κ

218 3529 331 3610 cuique
349 3551 404 3592 sue
417 3531 536 3612 proprie
552 3544 632 3611 sunt,
653 3544 684 3594 et
704 3529 776 3593 lraee
797 3527 881 3594 nullo
901 3531 1022 3616 negotio
1042 3553 1061 3594 ι
1081 3532 1192 3599 ceteris

131 3613 371 3700 distinguuntur:
392 3616 504 3693 multe,
526 3641 604 3700 quae
627 3639 697 3680 cum
717 3616 783 3680 eliis
802 3620 973 3681 communis
991 3618 1041 3681 cui
1060 3621 1192 3703 potissi-

41 3727 43 3731 ’
131 3721 214 3762 mum
236 3704 366 3779 tribuas,
389 3703 518 3765 dubites.

47 3794 49 3798 ’
216 3790 317 3853 Minus
345 3790 628 3869 animadvertimus,
653 3790 736 3872 quod
762 3803 860 3853 temen
882 3802 995 3853 constet
1016 3792 1191 3872 menifesto,

129 3870 293 3938 Dialectum
310 3877 448 3941 Doricam
468 3877 706 3963 distinguendam
728 3898 792 3942 esse
810 3879 842 3939 in
860 3897 969 3941 novam
987 3889 1018 3938 et
1036 3893 1189 3960 veterem,

130 3970 159 4019 et
179 3958 255 4023 hono
274 3965 317 4025 ite
337 3985 412 4025 cum.
426 3962 547 4026 Aeolica
567 3985 633 4026 esse
653 3979 816 4048 cognatam,
837 3978 871 4024 ut
890 3962 981 4025 eltera
1000 3963 1039 4025 ad
1059 3965 1190 4029 sltersm
1214 3986 1217 3993 ’

102 4120 107 4128 Ι
128 4043 216 4108 facile
238 4047 338 4112 referri
358 4052 472 4133 possit3
492 4049 575 4113 illam
593 4072 713 4133 quoque
729 4052 766 4113 ed
781 4052 913 4114 lonicum
931 4051 1069 4112 nonnihil
1086 4052 1189 4115 emol-

10 4203 13 4211 .
127 4129 211 4194 litem
232 4131 343 4214 luisse,
366 4150 400 4198 ut
420 4154 515 4221 nuper
536 4137 573 4200 ed
594 4139 788 4202 Theocritum
811 4135 857 4200 Ol.
880 4134 1094 4203 Valckenarius
1114 4160 1188 4233 mo}
