2670 4688
105 385 107 389 ,
330 282 354 319 ’“
715 390 718 397 ,
1081 398 1083 403 ,
1137 318 1204 388 aa.

73 477 223 561 boves
234 483 391 567 *Admeti
405 481 592 588 pascebat,
613 483 765 560 insidias
780 484 908 563 tendit.
944 484 1000 564 Ac
1015 490 1177 593 primum

79 603 265 698 mntem
291 603 444 680 canibus
469 619 634 680 armenta
658 629 704 679 ea
728 604 1032 705 custodientibus,
1057 626 1176 686 veter-

76 708 197 796 flum
225 723 473 824 anginamqne
496 723 682 798 immittit:
709 748 775 798 eae
798 721 936 799 oblitae
959 724 1086 826 boum,
1113 758 1178 806 cu-

74 840 323 942 stodiaeque
359 855 453 916 sunt
515 841 675 916 Buculas
716 843 769 915 ita
806 841 1010 919 Mercurius
1045 842 1185 951 abigis

71 952 318 1055 duodecim,
344 973 381 1034 et
403 959 519 1035 bores
543 961 626 1061 iugi
642 961 798 1062 ignaros
825 946 988 1050 centum,
1012 978 1177 1041 taurum·

68 1097 183 1176 que
208 1080 363 1154 armenti
380 1079 517 1154 virum.
543 1078 670 1155 caudis
692 1079 931 1180 singulorum*
943 1081 1085 1182 aliquid
1101 1086 1175 1180 syl-

63 1199 237 1274 vestris
261 1198 437 1274 materiae
463 1197 650 1302 appendit,
675 1197 723 1271 ad
747 1197 902 1273 delenda
926 1198 1041 1275 boum
1065 1206 1177 1278 vesti-

64 1316 181 1414 gia
217 1317 368 1418 agitque
409 1333 615 1392 armentum
649 1342 717 1420 per
751 1317 941 1418 Pelasgos,
984 1317 1176 1419 Achaiam,

61 1429 378 1530 Phthiotidem,
412 1437 629 1531 Locridem,
672 1437 884 1532 Boeotiam,
924 1436 1176 1539 Megarensem
1219 1440 1222 1445 ’

65 1576 115 1625 a
119 1578 239 1654 grum
246 1610 259 1650 ,
294 1554 457 1654 indeque
489 1556 531 1629 in
554 1553 844 1656 Peloponnesum
868 1582 935 1657 per
961 1555 1177 1633 Corinthum
1255 1574 1258 1579 ’

64 1688 154 1747 et
173 1675 379 1759 Larissam,
418 1674 585 1774 Tegeam
608 1698 737 1772 usque.
763 1674 850 1747 inde
875 1673 1076 1748 secundum
1100 1677 1178 1771 Ly-

65 1815 238 1868 caeum
262 1808 301 1866 et
320 1792 530 1866 Maenalum
551 1806 692 1867 montes
717 1790 902 1893 profectus
928 1815 1014 1864 cum
1038 1792 1085 1865 iis
1111 1808 1176 1890 est,

72 1911 359 2014 et'speculam
382 1911 492 1986 Batti
534 1909 734 1986 Habitabat
757 1911 791 1984 is
814 1911 941 1984 Battus
966 1909 1007 1982 in
1032 1936 1173 1985 sunrmo

76 2032 262 2132 scopuli.
289 2040 447 2129 cumque
472 2031 712 2105 iuvencorum
740 2029 807 2130 qui
830 2030 1176 2132 praeteragebantur

80 2171 238 2223 vocem
263 2134 493 2242 exaudisset,
525 2148 635 2222 domo
661 2175 845 2250 egressus,
871 2150 985 2222 sensit
1010 2177 1071 2226 eos
1097 2178 1174 2233 esse

90 2260 286 2343 furtivos:
321 2282 523 2369 pactusque
549 2283 603 2341 est
627 2267 795 2342 mercede
820 2266 1027 2355 silentium,
1055 2269 1101 2344 de
1127 2272 1174 2349 iis

100 2386 300 2462 reticendi.
325 2376 409 2461 eam
432 2387 637 2461 Mercurius
668 2387 789 2459 iurato
815 2412 854 2459 se
879 2376 1019 2461 nemini
1044 2387 1090 2463 de
1115 2387 1174 2463 his

10 2597 13 2607 Ι
112 2503 311 2605 quicquam
341 2506 543 2580 relaturum
576 2506 683 2579 Batto
715 2503 919 2606 stipulatur.
970 2505 1174 2581 Mercurius
1217 2507 1218 2510 ’

10 2610 17 2703 f
120 2635 202 2697 cum
218 2649 296 2722 'eas
329 2625 371 2698 in
404 2624 616 2725 speluncam
648 2623 791 2698 Prionis
826 2621 874 2696 ad
911 2623 1176 2724 Coryphasium

10 2710 32 2763 ⁹
129 2731 314 2818 dannot
340 2743 566 2845 compulsas,
603 2768 699 2842 quae
726 2757 779 2816 est
804 2768 826 2814 e
850 2740 1000 2841 regione
1026 2743 1175 2818 Siciliae

10 2820 46 2889 le
135 2857 301 2938 eidaliae:
327 2862 375 2936 ad
398 2864 547 2936 Battum
563 2876 702 2936 mutata
726 2861 845 2938 forma
870 2861 1080 2957 revertitur,
1105 2888 1172 2966 pe-

10 2999 14 3023 '
97 3036 100 3041 -
138 2971 271 3056 denum
293 2981 469 3076 factiuns,
494 3007 541 3055 an
564 2982 597 3055 is
622 2983 867 3055 iuramentum
883 2966 986 3054 ¹esset
1010 2996 1176 3056 servatu-

10 3138 83 3220 »exi
139 3112 192 3172 ru.
211 3099 295 3175 data
320 3126 407 3202 ergo
432 3099 611 3175 mercedis
630 3100 712 3173 loco
740 3097 902 3193 chlaena,
928 3115 1174 3201 percontatur,

26 3269 81 3327 „a
138 3235 209 3292 tuna
230 3219 384 3295 furtivas
408 3218 522 3293 bores
548 3219 754 3320 praeteragi
779 3216 959 3293 vidisset?
1006 3219 1065 3292 Ibi
1089 3220 1176 3292 Bat-

11 3357 69 3424 ffl'p
134 3343 178 3409 tue
199 3335 349 3413 chlaena
375 3352 525 3440 accepta
541 3335 723 3410 indicium
738 3336 830 3410 facit
855 3336 901 3410 de
921 3337 1052 3411 hobus.
1078 3337 1188 3409 Mer-¹

10 3489 52 3533 a*
129 3455 235 3565 turim
258 3458 465 3559 bilinguem
490 3482 576 3530 eum
601 3481 678 3527 esse
703 3455 855 3554 indigne
880 3456 1020 3547 serens,
1048 3453 1176 3527 adacto
1209 3463 1232 3474 ”
1286 3509 1289 3512 -

10 3598 27 3645 a
122 3571 243 3651 laculo
276 3579 318 3650 in
350 3602 483 3652 saxum
515 3589 732 3666 commutat,
769 3573 869 3674 quod
902 3589 938 3647 et
972 3572 1106 3670 frigori
1140 3588 1177 3645 et

10 3717 16 3745 ·
74 3768 86 3789 ᾖ
121 3695 230 3783 aestui
253 3693 356 3771 omni
380 3712 434 3771 est
459 3692 675 3770 obnoxium.
711 3692 834 3783 Locus
858 3690 981 3766 adhuc
996 3688 1107 3764 hodie
1128 3689 1177 3765 ab

114 3813 161 3893 iis
185 3814 253 3915 qui
275 3829 486 3911 transeunt,
510 3811 611 3888 Batti
635 3810 840 3913 appellatur
866 3808 1026 3911 specula.

187 3932 279 4011 Cur.
295 3933 434 4009 XXIV.
469 3933 789 4032 Ascalaphus.
831 3932 892 4003 De
916 3925 1086 4002 eiusdem
1110 3927 1180 4006 Nie

110 4051 252 4131 cundri
264 4050 398 4154 Operis
414 4062 549 4149 quarto
569 4050 677 4147 libro,
695 4047 812 4125 etiam
829 4050 901 4122 hoc
918 4046 1178 4131 desumimus.

107 4173 193 4272 Quo
209 4187 378 4276 tempore
396 4171 511 4254 filiam
534 4195 713 4275 quaereus
729 4169 840 4248 Ceres
863 4167 1075 4259 universam
1094 4166 1178 4241 ohi-
