2670 4688
119 105 241 195 tio,
268 117 309 183 et
332 110 461 184 Areus
483 104 628 183 Lanu
610 136 653 182 ru
678 108 869 198 carmine,
894 112 962 191 oui
986 119 1136 219 cygnus
1158 148 1225 198 m.

109 255 245 310 men
271 237 352 324 est,
374 213 429 304 id
441 237 612 329 nonunt
631 228 733 324 quod
755 229 937 327 secutur.

262 346 353 422 Gur.
369 342 478 422 Xll.
489 349 688 448 (lygitur.
729 344 897 449 Apollini
918 374 941 425 e
964 348 1111 451 Tlryria
1131 357 1220 436 Am-

109 462 330 571 phinomi
350 465 428 540 fitis
449 480 557 540 natus
576 481 631 541 est
645 466 1117 571 Cygnus‚‹-facie'lormosa‚-
1139 505 1219 552 mo-

109 576 260 662 ribus
294 583 565 687 inelegantibus
596 598 634 659 et
672 587 898 685 agrestibus,
941 591 1056 666 nimio
1095 596 1222 671 studio

109 690 411 785 venationibus
434 703 592 784 deditus.
618 701 814 779 habitabat
836 707 918 780 ruri
944 707 1041 784 inter
1064 713 1215 788 Pleuro-

109 850 238 899 ncm
263 838 300 897 et
323 821 559 917 Calydonem.
603 823 738 899 Multos
762 822 896 903 habuit
920 825 971 900 ob
994 828 1213 930 pulcritudi-

109 968 236 1017 mm
258 956 458 1017 amatores:
485 967 643 1043 quorum
668 969 753 1018 cum
776 969 865 1047 prae
884 945 1060 1048 superbia
1078 948 1213 1024 admit·
1260 1022 1264 1028 ,

109 1076 241 1137 teret
264 1061 468 1135 neminem:
501 1086 592 1135 mox
620 1062 792 1137 omnibus
823 1065 984 1163 invisus,
1016 1065 1066 1142 ab
1091 1069 1211 1168 iisque

109 1195 207 1257 est
227 1179 403 1276 desertus,
420 1180 507 1254 solo
525 1177 658 1274 Phylio
680 1181 777 1282 apud
801 1183 923 1284 ipsum
946 1201 1208 1286 perseverante.

109 1292 362 1401 ‘perquam
381 1295 494 1373 ,hunc
525 1324 673 1398 quoque
704 1324 779 1372 non
802 1302 1051 1378 mediocribus
1083 1303 1208 1380 affecit

112 1408 389 1515 dontumeliis.
423 1417 607 1505 Extiterat
631 1415 702 1491 sub
727 1416 768 1491 id
785 1431 929 1520 tempus
945 1421 1043 1521 apud
1059 1421 1206 1495 Aetolos

118 1534 274 1637 ingens
297 1536 371 1631 leo,
396 1536 518 1637 quiet
542 1538 584 1611 iu
607 1536 706 1636 ipsos
723 1537 816 1609 etin
832 1563 944 1638 pectus
960 1536 1204 1638 grassabatur.

117 1648 245 1730 huno
268 1642 417 1756 (ly-gnus
438 1654 546 1729 iussit
563 1651 745 1749 Phylium
762 1655 841 1728 sine
865 1654 963 1730 ferro
988 1656 1203 1731 interficere.
1319 1706 1320 1710 =

129 1768 258 1875 idque
274 1775 310 1850 is
332 1770 374 1848 in
387 1772 438 1848 -sa
448 1774 611 1875 recepit,
636 1774 852 1875 leonemque
867 1775 935 1849 tali
950 1775 1097 1850 necavit
1111 1790 1202 1850 astu.

115 1882 243 1968 'Cum
260 1880 374 1970 sdiret
396 1889 471 1993 qua
494 1890 587 1965 hora
602 1890 662 1966 leo
682 1907 776 1967 esset
792 1909 1087 1994 superventurus,
1112 1905 1222 1967 ven-'

135 2021 239 2088 trun
259 2012 427 2115 implevit
442 2011 566 2086 multo
595 2009 681 2086 cibo
706 2035 751 2084 ac
770 2012 868 2086 vino.
896 2029 1052 2112 cumque
1076 2011 1203 2086 bellua
1302 2000 1307 2005 ⁴

145 2133 464 2266 appropinquaret,
483 2155 535 2204 ea
553 2126 699 2205 evomit
723 2155 818 2229 quae
838 2128 897 2203 leo
919 2130 1110 2205 famelicus
1134 2129 1201 2204 de-

147 2266 297 2348 vorans,
309 2251 391 2326 viui
400 2250 447 2325 vi
462 2265 517 2327 ast
535 2248 681 2352 stupido
704 2275 834 2350 sopore
859 2247 1024 2324 obrutus.
1050 2226 1201 2342 etPhy
1234 2272 1246 2297 ¹

150 2356 408 2464 botrionis,
432 2369 496 2444 cui
517 2365 657 2443 vestem
680 2394 785 2444 suam
808 2366 1135 2460 circumvolverat,
1159 2367 1202 2439 in

156 2505 197 2559 us
213 2490 342 2564 inserto
359 2488 512 2571 leonem
535 2486 746 2563 suffocavit:
781 2485 1077 2586 sublatumque
1064 2511 1106 2559 m
1123 2422 1201 2558 ltu-

157 2622 278 2705 meros,
303 2608 352 2683 ad
377 2609 545 2710 Cygnum
570 2607 701 2681 attulit.
726 2630 932 2705 nomenque
956 2603 1054 2707 apud
1077 2602 1200 2678 homi-

159 2741 215 2799 nes
233 2729 371 2803 illustre
396 2754 440 2801 eo
465 2726 625 2800 facinore
651 2723 727 2798 sibi
750 2725 904 2826 paravit.
956 2724 1029 2799 Sed
1051 2723 1198 2825 Cygnus
1274 2778 1284 2787 ,

164 2838 256 2923 “lium
271 2845 395 2922 adhuc
407 2845 653 2920 difficiliorem
663 2843 699 2917 ei
712 2841 879 2917 laborem
891 2843 1066 2917 iniunxit.
1084 2845 1199 2918 Erant

165 2980 199 3033 et
220 2966 256 3040 in
286 2967 438 3068 regione
470 2963 634 3038 vultures
665 2964 889 3037 monstrosae
920 2961 1198 3062 magnitudinis,

166 3081 216 3173 ‘tui
234 3085 364 3159 multos
395 3082 563 3157 hominos
587 3079 866 3156 interficiebant.
890 3078 959 3155 hos
985 3106 1071 3153 eum
1095 3076 1199 3151 vivos

167 3215 303 3305 luttere,¹
322 3219 359 3279 et
391 3204 440 3277 ad
472 3228 511 3276 se
535 3199 736 3303 perducere
760 3199 1055 3300 quavis'ratione
1079 3194 1198 3268 iussit.

167 3307 335 3399 latitante
349 3320 481 3418 Phylio
500 3317 683 3422 quomodo
708 3315 785 3392 hoc‘
805 3318 1019 3394 mundatum
1043 3311 1213 3387 confice·

109 3444 111 3451 '
169 3448 220 3530 ret,
239 3440 410 3519 divinitus
435 3440 578 3534 evenit,
614 3452 656 3513 ut
688 3436 814 3536 aquila
843 3444 992 3538 'raptum
1023 3432 1198 3534 leporem,

170 3557 460 3663 unianimemque
478 3558 615 3634 ¹eodem
639 3556 827 3649 deiiceret,
851 3579 926 3627 non
949 3552 1131 3655 perlatum
1152 3549 1199 3623 atl

171 3667 282 3757 nidum,
330 3680 483 3778 Phylius
508 3679 653 3782 direpto
677 3677 821 3778 lepore,
856 3674 1031 3774 sanguine
1057 3671 1135 3745 eius
1160 3695 1198 3742 sc
1239 3680 1241 3685 ’

174 3783 325 3890 lllttlcvit,
342 3817 377 3877 ot
393 3801 499 3877 hunni
513 3797 723 3892 procubuit
747 3796 870 3894 itaqua
883 3793 1045 3868 vultures
1058 3789 1197 3866 adeum
