2670 4688
125 313 189 383 us
252 304 254 308 ‘

130 491 210 575 quod
232 487 550 553 artnentum.
573 487 633 550 leb.
656 492 676 549 6
698 496 727 547 et
749 487 781 547 7.
801 480 925 544 meliora
953 479 1076 552 edoctus
1106 503 1196 546 men-

132 595 191 642 tem
214 580 341 640 mutavit
362 591 392 639 et
418 575 571 659 vulgatam
598 573 757 634 lectionem
785 570 851 631 aliis
882 568 1027 653 exemplis
1052 591 1197 653 compro-

128 668 233 745 bavit,
264 665 345 746 quod
367 665 470 724 acerbe
492 663 563 724 satis
584 663 617 729 in
638 660 729 721 altera
750 658 880 719 editione
900 658 954 719 ubi
975 669 1079 719 eontra
1101 664 1197 722 Mun.

76 810 81 817 .
134 754 252 814 cherum
291 750 475 812 contenderit
509 740 682 824 Berlselius,
723 746 788 829 ipse
823 759 924 807 tamen
959 743 997 804 ad
1027 747 1135 829 Steph.
1164 767 1198 812 v.

128 832 301 922 Ἀμβρακία
321 839 392 921 legit
413 831 466 914 ἀφ’
489 819 537 917 ἧς.
590 834 748 919 vulgatam
777 854 896 913 quoque
925 844 1026 892 tuetur
1055 831 1094 896 el.
1115 839 1197 897 Bur·

134 930 235 987 mann.
264 926 302 986 de
321 929 401 987 Jove
429 924 547 1006 Fulger.
578 944 643 1005 cap.
662 925 742 984 VIII.
783 925 886 983 vinu.
946 922 983 980 In
1005 918 1080 982 eod.
1101 923 1198 986 Paris.

19 1039 25 1047 ¹
134 1010 244 1075 vocula
265 1008 315 1091 ἐφ’
336 1024 448 1094 puncto
470 1023 581 1088 notata,
601 1024 636 1070 ut
657 1008 795 1070 librarius
815 1000 870 1084 ἀφ’
889 1006 922 1067 in
936 1019 1035 1067 mente
1054 1006 1198 1071 habuisse

134 1100 281 1161 videatur.

221 1190 291 1269 Pag.
308 1190 339 1263 8,
356 1190 407 1246 27.
437 1176 711 1265 Ἀμβρακίαν]’
735 1180 811 1245 Vide
837 1193 935 1240 tamen
957 1178 1145 1263 Stephanum
1164 1180 1198 1244 in

136 1289 213 1332 voce
235 1284 264 1334 et
284 1272 317 1332 in
338 1266 519 1349 Δεξαμεναί.
543 1275 643 1332 Gara.
673 1270 762 1332 Urbis
784 1281 814 1329 et
834 1269 963 1349 regionis
986 1268 1121 1329 eiusdem
1142 1290 1199 1331 no-

137 1358 225 1419 minis
248 1360 446 1418 meminerunt
464 1356 603 1439 plurimi,
633 1377 709 1437 quos
730 1355 822 1437 longo
846 1355 950 1414 ordine
970 1356 1104 1416 fecenset
1125 1356 1198 1417 Pal-

137 1466 211 1505 mer.
232 1449 303 1507 Ant.
326 1450 375 1506 Gr.
395 1443 448 1504 lib.
462 1449 527 1506 VII.
546 1466 611 1528 cap.
635 1451 666 1504 t.
689 1443 741 1523 qui
760 1441 852 1501 multa
877 1442 914 1501 de
935 1440 992 1501 hac
1013 1440 1141 1504 historia
1161 1464 1200 1505 ex

137 1533 290 1591 Antonino
313 1531 387 1591 disci
414 1544 547 1595 testatur.
611 1532 669 1591 Hio
689 1530 817 1610 ¹quidem
838 1532 949 1590 Auton.
970 1529 1160 1591 Ambraciam
1182 1552 1201 1591 a

138 1616 266 1677 Melanei
287 1617 349 1678 fitia
370 1604 478 1677 dictami
498 1619 598 1693 tradit,
620 1639 680 1697 quo
702 1618 823 1678 nomine
839 1616 875 1675 ab
897 1613 951 1676 illo
975 1615 1113 1677 dIssentit
1129 1620 1201 1680 Ste-

138 1705 256 1785 phanus
277 1719 306 1765 et
326 1706 499 1765 Eustathius
530 1705 710 1766 deducentes
735 1702 787 1765 vel
809 1704 844 1762 ab
866 1703 1013 1762 Ambrace
1033 1703 1202 1787 Thesproti

138 1789 212 1867 filio,
232 1789 286 1852 vel
306 1792 342 1851 ab
359 1793 516 1851 Ambracia
537 1794 635 1874 Augei
656 1791 733 1867 filia,
757 1812 818 1851 non
839 1810 912 1849 vero
932 1791 1048 1867 Strabo,
1070 1791 1123 1871 qui
1146 1790 1202 1857 lib.

138 1882 204 1940 VII.
231 1900 298 1961 pag.
322 1882 395 1940 325.
432 1870 622 1958 Ἀμβρακίαν
653 1865 776 1958 Τόλγου
806 1864 947 1960 (Τόργου
976 1897 1046 1947 oum¹
1064 1877 1148 1959 Epit.
1173 1892 1207 1941 et

138 1968 247 2026 Anton.
267 1963 339 2045 leg.)
358 1960 418 2041 'rori
437 1958 591 2042 Κυψέλου
611 1963 725 2039 κτίσμα
748 1978 851 2040 vocat,
878 1965 936 2024 hoo
958 1975 1019 2039 est,
1049 1977 1084 2023 ut
1107 1968 1204 2027 'I'hu-

58 2042 59 2047 *
140 2051 207 2130 eyd.
229 2064 258 2110 et
279 2055 367 2111 Paus.
389 2052 510 2125 dicunt,
540 2047 729 2131 Κορινθίων
756 2042 891 2111 ἔποικον.
940 2051 1212 2115 submiserim

138 2138 197 2196 iam
220 2149 287 2197 ante
308 2137 452 2198 condita·
478 2136 561 2196 Idem
583 2137 681 2198 Strab.
700 2134 754 2200 lib.
776 2141 816 2198 X.
836 2157 903 2218 pag.
923 2136 996 2199 452.
1023 2137 1210 2218 Κορίνθιοι

140 2215 176 2281 δὲ
203 2221 411 2301 πεμφθέντες»
430 2210 494 2282 ὑπὸ
524 2216 679 2302 Κυψέλου
705 2221 755 2282 καὶ
781 2214 1008 2307 Γοργάσου
1033 2222 1132 2307 (quod
1162 2246 1210 2290 ex

140 2296 263 2389 Γόργου
276 2320 337 2391 'pro
364 2299 484 2391 Τόργου
505 2323 678 2392 corruptum
699 2323 800 2371 censet
821 2311 859 2373 el.
875 2310 1090 2391 Ruhnkenius)
1111 2310 1204 2397 μέχρι

139 2392 198 2455 τοῦ
212 2389 421 2478 Ἀμβρακικοῦ
442 2385 560 2459 κόλπου
580 2392 763 2480 προῆλθον,
785 2391 838 2456 καί
857 2382 916 2478 ἥτε
930 2391 1103 2479 Ἀμβρακία
1124 2418 1201 2461 συκ-

140 2478 264 2562 ῳκίσθη
288 2495 344 2544 cet.
367 2484 447 2563 quod
470 2483 508 2545 de
529 2482 645 2546 oolonia
665 2506 700 2544 eo
723 2498 787 2545 turn
811 2484 938 2545 deducta
958 2484 1194 2566 intelligendum,

141 2582 175 2629 ut
196 2590 277 2649 seqq.
299 2569 385 2631 docet
406 2572 596 2632 Antoninus:
619 2559 737 2672 Τόργον
758 2564 793 2630 (li
810 2557 867 2632 adv
886 2559 1021 2647 citatorio
1042 2567 1196 2651 Κυψέλου

139 2641 219 2714 κατὰ
239 2643 314 2726 τοὺς
335 2649 435 2716 αὐτοῦ
450 2645 605 2739 χρησμοὺς
626 2658 702 2718 λαον
719 2655 845 2718 ἔποικον
864 2649 987 2739 ἀγαγεῖν
1008 2657 1052 2735 εἷς
1067 2651 1196 2743 Ἄμβρο-

139 2739 210 2800 κίαν
238 2739 273 2802 ἐκ
297 2742 474 2820 Κορίνθου.
528 2744 588 2806 Sed
613 2745 751 2805 Straboni
773 2745 798 2804 si
820 2745 858 2804 sit
880 2746 972 2822 fides,
1000 2767 1089 2826 quam
1113 2760 1196 2829 auget

138 2830 287 2907 Soymnus
313 2830 404 2890 Chius
426 2851 458 2892 v.
482 2830 555 2893 454.
583 2830 694 2892 erravit
714 2832 904 2908 Antoninus,
930 2836 1066 2915 Torgum
1087 2833 1195 2897 faciens

140 2915 259 2996 Cypseli
281 2915 420 2995 frtrtrem,
450 2918 501 2998 qui
525 2919 588 2978 eius
609 2931 671 2978 erat
692 2916 790 2994 fitius,
820 2939 999 2999 quamquam
1022 2920 1112 2980 etiam
1135 2925 1203 3003 (ly-⁶

138 3000 215 3080 pseli
241 2999 320 3061 iilius
343 3015 372 3062 et
397 3012 549 3065 successor
563 3003 669 3079 *fuisse
690 3004 799 3065 dicitur
819 3006 994 3082 Periander,
1016 3019 1051 3067 ut
1071 3028 1111 3069 ert
1131 3009 1196 3070 dri·

139 3085 245 3146 stotele
272 3089 401 3148 ostendit
430 3092 553 3152 (iasaub.
579 3086 615 3150 a‘d
647 3093 744 3154 Strab.
772 3090 826 3154 lib.
846 3096 926 3173 VIII.
948 3115 1015 3176 pag.
1037 3099 1112 3157 378.
1154 3100 1197 3159 Do

140 3171 268 3256 Cypselo
290 3176 367 3236 conf.
388 3179 503 3240 Staver.
526 3177 562 3236 ad
585 3176 839 3260 Fulgent.tib.1.
862 3202 926 3262 cap.
948 3185 1001 3242 27.
1043 3186 1148 3246 Vanis.
1191 3192 1195 3199 '

224 3256 431 3344 Pag.s‚2's.
482 3260 658 3343 μέγιστα
694 3263 955 3348 χαρίσασθαι
989 3263 1116 3328 τοῦτο
1149 3264 1208 3367 tp.

139 3334 273 3429 πόλει]
296 3338 389 3407 Καιιί
405 3369 436 3430 γε
458 3338 517 3429 τὴν
538 3336 615 3428 ἐμὴν
635 3349 737 3428 κρίσιν
757 3354 866 3413 rectius
886 3351 1014 3435 legeres:
1035 3344 1138 3445 ταύτῃ
1157 3376 1198 3441 ep

137 3423 236 3494 πόλει.
259 3456 324 3516 cap.
341 3442 392 3498 13.
415 3434 449 3496 ἓν
467 3427 567 3524 ταύτῃ
585 3433 627 3521 τῇ
648 3432 787 3521 Meliust.
816 3444 948 3502 Mortes.
990 3440 1071 3501 Illud
1093 3438 1198 3520 τοῦτο,

138 3522 280 3582 omissum
304 3544 320 3580 a
346 3523 502 3602 Xylandro
530 3524 561 3583 in
581 3524 840 3605 interpretatione,
871 3527 996 3588 offendit
1022 3529 1112 3588 etiarn
1137 3534 1198 3590 Ba·

138 3608 247 3684 stium,
270 3611 337 3670 sive
358 3609 471 3671 dietum
494 3610 532 3671 sit
553 3633 608 3692 pro
629 3598 681 3671 διὰ
702 3608 807 3692 τοῦτο,
830 3614 896 3675 sive
913 3637 968 3695 pro
988 3601 1067 3675 nord
1090 3612 1198 3693 τοῦτο,

138 3706 178 3752 ut.
199 3696 389 3775 sequentibus
419 3699 559 3779 iungatur
587 3698 645 3759 hoo
673 3700 778 3760 modo:
818 3720 888 3758 eum
916 3701 979 3760 Itao
1008 3704 1044 3760 in
1070 3722 1105 3762 re
1127 3702 1200 3763 urbi

138 3784 341 3862 ruaximopere
365 3786 542 3867 profuisse,
572 3806 696 3844 summa
720 3785 913 3846 liberalitate
937 3808 1014 3870 erga
1035 3787 1146 3848 urbem
1165 3792 1200 3850 ἰα

138 3885 176 3922 eo
198 3886 232 3924 re
242 3868 368 3948 fuisse:
396 3872 516 3930 scilieet
538 3886 593 3932 etc.
643 3877 685 3933 Ut
706 3870 823 3934 silentio
842 3888 1023 3954 praeteream
1042 3874 1201 3937 Munoheri

137 3955 392 4030 emendationem,
419 3959 608 4017 festinantius
630 3980 647 4016 a
667 3960 823 4020 Teuchem
846 3960 1030 4044 adoptatam,
1057 3962 1200 4025 Sohaeie·

136 4054 193 4121 rus
208 4039 244 4099 ad
267 4044 355 4123 Greg.
378 4047 444 4106 (ior.
467 4066 534 4126 pag.
557 4050 609 4106 30.
631 4046 789 4126 genuinam
808 4045 966 4108 lectionem
983 4049 1077 4109 fuisse
1099 4052 1200 4135 suspi-

138 4137 221 4184 eatur
249 4121 359 4191 ταῦτα.
408 4133 487 4192 Sane
514 4144 580 4191 tum
608 4129 697 4212 plana
732 4146 804 4194 sunt
833 4135 943 4201 omnia.
994 4135 1200 4201 Nihilominus

137 4209 289 4296 vulgatam
318 4215 493 4298 scripturam
521 4217 640 4280 defendi
667 4239 755 4303 posse
782 4220 936 4304 existimo,
973 4223 1026 4284 ubi
1048 4224 1200 4311 aooeperis
