2670 4688
127 317 175 415 83
1120 390 1124 398 ,

181 542 212 577 .,r
230 487 318 563 Gne.
344 482 497 560 xxvll.
551 478 816 584 Iphigenia.
870 477 1015 555 Ibidem
1041 491 1079 553 et
1107 482 1192 554 haec

134 604 307 693 narratio
334 605 502 679 habetur.
540 599 679 677 Thesei
705 615 741 675 et
759 600 933 697 Helenae,
959 601 1050 675 Jove
1076 616 1193 694 natue,

129 729 207 801 filia
225 726 297 799 fuit
311 722 694 826 Iphigenia,.eamque
713 744 815 794 soror
832 721 992 794 Helenae
1012 721 1195 816 Clytaem·

117 860 253 945 'nestra
267 843 324 940 ¹¹³),
355 842 623 943 Agamemnoni
646 840 793 933 dicens,
830 865 869 912 se
894 864 976 913 eam
1000 841 1195 941 peperisse.

118 956 218 1037 ²nam
242 961 383 1037 Helena
413 958 589 1035 fratribus
625 957 855 1053 auscultans,
896 959 1081 1058 virginem
1112 984 1198 1032 seo

134 1081 282 1157 Theseo
309 1080 515 1155 discessisse
539 1076 671 1153 aiebat.
712 1078 805 1151 Cum
830 1079 1012 1153 exercitus
1040 1079 1198 1152 Graeco-

133 1226 218 1277 rum
239 1199 385 1294 Aulide,
412 1197 654 1297 nav-igationis
680 1197 947 1297 opportunitate
970 1196 1198 1290 destituente,

134 1321 403 1394 detinerentur:
430 1316 681 1416 significarunt
702 1329 815 1407 vates,
842 1317 1114 1417 navigationem
1134 1341 1198 1389 ex-

135 1439 302 1540 peditum
326 1437 387 1530 iri,
413 1437 446 1509 si
462 1433 654 1537 Iphigenia
671 1435 810 1507 Dianae
835 1434 1056 1511 immoletur.
1091 1434 1198 1509 Dedit

137 1583 220 1631 eam
244 1555 495 1654 Agamemnon
519 1580 587 1655 pro
612 1553 785 1648 mcfinra,
809 1569 939 1654 rogatu
962 1551 1198 1628 Achivorum.

135 1674 194 1748 Ad
220 1673 333 1748 altare
358 1673 553 1748 adductam
577 1672 764 1775 principes
783 1699 857 1747 non
874 1688 958 1748 sunt
975 1673 1114 1767 intuiti,
1139 1656 1198 1747 sed

137 1793 209 1866 alio
241 1792 364 1892 quivis
396 1793 522 1867 oculos
554 1805 771 1867 averterunt.
821 1792 941 1865 Diana
974 1808 1097 1867 autem
1120 1792 1198 1867 loco

138 1908 351 2012 Iphigeniae
376 1912 572 1985 iuvencum
597 1910 646 1984 ad
669 1935 772 1984 aram
796 1912 934 2006 statuit,
958 1913 1039 2014 ipsa
1063 1912 1197 2014 longis-

141 2031 232 2104 sime
260 2055 282 2102 a
308 2029 461 2102 Graecia
485 2032 527 2102 in
551 2030 739 2102 Euxinum
762 2031 935 2106 translata
960 2046 1132 2132 pontum,
1155 2029 1197 2105 ad

140 2146 350 2220 Thoantem
365 2144 611 2240 Borysthenis
632 2147 672 2223 F.
696 2173 902 2251 nomenque
928 2151 964 2224 ei
989 2153 1091 2251 genti
1115 2150 1197 2225 feeit

142 2265 299 2365 Tauros,
321 2264 409 2364 quia
434 2264 751 2368 loco-Iphigeniae
778 2266 825 2342 ad
851 2295 952 2344 aram
978 2271 1197 2372 apparuisse:

140 2398 276 2456 taurus.
303 2383 420 2483 ipsam
444 2401 567 2460 autem
590 2386 611 2430 *³
634 2401 798 2488 tempore
824 2391 993 2482 nerrmset,
1020 2387 1197 2463 transtuli.

139 2499 367 2602 Iphigeniam
388 2503 428 2575 in
443 2505 592 2580 Leucon
612 2504 661 2578 ad
677 2502 877 2581 Achillem:
902 2523 1114 2608 mutataque
1138 2530 1197 2583 aaa

140 2636 242 2715 tura,
268 2644 350 2694 eam
374 2640 538 2697 senectae
563 2624 765 2724 mortisque
783 2641 972 2728 expertem
997 2627 1123 2701 divam
1146 2625 1197 2699 le

102 2800 110 2819 .
142 2742 204 2831 cit,
226 2741 372 2814 nomine
391 2741 431 2815 in
450 2739 699 2817 Oreiloohiam
716 2768 909 2823 converso:
937 2746 1083 2847 fuitque
1107 2770 1197 2823 oxu

141 2853 309 2933 Achillis.

247 2974 335 3050 (ine.
362 2977 531 3055 XXVlll.
587 2984 790 3083 Typhon.
850 2986 912 3059 nx
946 2985 1076 3059 eodem
1109 2983 1196 3059 att-

144 3092 242 3165 dnas
274 3121 416 3190 qnoque
449 3096 683 3195 insequentes
717 3102 956 3178 narrationes
985 3103 1196 3204 petiviano-*-

145 3210 282 3284 Terrae
306 3212 405 3289 filius
430 3215 502 3291 fuit
519 3216 694 3320 Typhon,
720 3223 848 3321 genius
865 3224 1044 3299 immenso
1057 3224 1196 3299 robor-⁴

144 3344 346 3405 monstrosa
383 3332 511 3410 forma.
545 3353 693 3412 namet
728 3343 847 3442 capita
871 3342 1031 3443 plurima
1056 3348 1092 3417 ei
1116 3353 1196 3417 nal

143 3463 237 3543 sunt,
264 3465 301 3524 et
324 3476 475 3548 manus,
501 3457 651 3554 atalae,
675 3474 713 3533 et
739 3485 788 3535 ex
811 3460 1013 3536 femoribus
1038 3463 1196 3537 maxia!

144 3584 354 3668 serpentum
377 3573 575 3651 volumina.
601 3579 719 3652 omnis
745 3581 891 3678 generis
919 3607 1027 3657 voces
1052 3581 1196 3656 edebat

143 3711 261 3784 aeque
279 3690 358 3763 eius
379 3692 475 3767 vires
501 3696 698 3795 quisquam
721 3697 952 3775 subsistebat.
985 3703 1019 3776 Is
1039 3698 1196 3802 Typhon

144 3803 340 3903 imperium
364 3809 464 3884 lovis
497 3811 700 3890 affectavit:
732 3817 981 3920 impetumque
1007 3820 1196 3895 facientem

143 3945 249 4008 tremo
274 3922 427 4003 deormn
456 3930 648 4031 substitit,
678 3935 743 4009 sed
774 3961 896 4012 omnes
929 3939 970 4012 in
994 3941 1195 4045 Aegypton

144 4087 343 4110 Q

182 4172 213 4260 *)
231 4180 408 4267 blanchernas
431 4199 460 4249 et
480 4189 660 4272 virheytius
680 4190 811 4255 addunt:
834 4192 993 4260 edaaaait.
