2670 4688
136 104 182 170 ⁷2

138 276 403 380 suspendisset.
432 273 613 355 Narratio
639 284 697 353 eet
717 270 920 373 Nicandri,
945 269 1041 424 libro
1061 276 1247 353 Mittas

138 406 263 472 torum
286 398 460 474 semondo.

240 516 329 594 Car.
359 516 458 594 XIV
518 520 572 593 M
575 514 794 593 unzobue.
852 513 1098 590 Molossorum
1133 538 1194 588 rex

136 633 209 709 fuit
224 633 420 712 Municbus
439 636 611 730 Dryantis
629 635 669 711 F.
695 651 795 709 vates
821 634 1002 736 egregius,
1027 632 1195 733 idemque

137 754 198 829 vir
221 754 347 829 iustus.
389 754 424 829 Is
449 781 469 828 e
494 755 648 834 Lelanto
671 754 767 829 filios
792 751 938 847 habuit,
962 750 1217 853 Alcandrum„

59 867 62 871 ’
96 860 101 870 ’
137 873 205 973 qui
228 874 401 948 vaticinio
427 875 526 975 patri
549 873 781 977 praestabat:
807 871 1086 972 Megaletorem,
1112 868 1198 945 Plri-

136 991 270 1078 laeum,
296 993 482 1092 filiamque
507 994 770 1096 Hyperippam.
806 992 879 1066 Eos
900 1015 1026 1064 omnes
1047 988 1098 1063 ob
1116 1006 1200 1091 pro⁴¹

110 1202 113 1207 .
138 1108 294 1185 bitatem
319 1111 374 1186 dii
399 1110 620 1190 dilexerunt.
658 1109 824 1206 Quadam
840 1124 945 1185 noete
964 1133 1025 1182 eos
1043 1107 1201 1183 latrones

138 1228 262 1304 subito
295 1229 336 1304 in
368 1230 467 1332 agris
500 1231 826 1306 circumvenerunt.
862 1252 1021 1328 cumque
1056 1250 1203 1328 pugnae

137 1345 298 1448 impares
323 1347 370 1423 de
393 1338 559 1424 turribus
583 1375 623 1423 se
648 1347 896 1442 defenderent,
922 1347 1121 1448 ignemque
1146 1344 1205 1420 la-

139 1477 261 1540 trenes
286 1466 458 1543 domibus
489 1469 702 1543 iniicerent:
740 1467 883 1569 Jupiter
914 1462 1043 1539 habita
1072 1488 1223 1549 *eornm-

138 1585 284 1686 pietatis
317 1587 476 1681 ratione,
513 1587 719 1661 miserrima
750 1599 868 1658 morte
900 1584 1022 1686 perire
1045 1608 1123 1657 nou
1147 1596 1204 1659 est

138 1726 286 1804 passus,
321 1705 387 1781 sed
418 1707 458 1780 in
484 1729 568 1780 aves
599 1704 864 1779 transmutavit.
915 1704 962 1778 Et
978 1701 1204 1805 Hyperippa

139 1823 309 1921 quidem,
345 1824 519 1924 quoniam
552 1824 677 1923 ignem
709 1818 878 1923 fugiens,
913 1846 1048 1921 aquam
1071 1821 1204 1919 subiit,

66 2032 68 2037 Ι
137 1937 237 2015 foeta
261 1955 316 2015 est
339 1941 462 2025 fulica.
489 1941 623 2016 caeteri
648 1967 697 2016 ex
722 1926 810 2043 igne
836 1939 1034 2015 evolarunt.
1074 1940 1204 2021 Muni-

132 2054 228 2135 chus
252 2058 382 2154 buteo,
414 2059 596 2136 Alcander
627 2056 788 2136 orchilus
821 2059 950 2135 saone.
1000 2059 1205 2161 Megaletor

138 2188 176 2249 et
199 2173 393 2295 Philaeus,
428 2178 578 2281 quod
564 2203 691 2281 1gnem
720 2179 903 2280 fugientes
927 2204 995 2281 per
1018 2180 1204 2281 parietem

136 2293 186 2367 ad
209 2310 344 2372 terram
369 2324 408 2373 se
433 2298 710 2394 demisissent,
697 2325 738 2372 m
758 2299 919 2399 exiguas
938 2297 1102 2372 aviculas
1126 2297 1201 2375 ab·

134 2411 273 2490 ierunt:
287 2412 374 2493 hic
361 2445 402 2492 ιιι
418 2443 499 2493 eam
513 2445 608 2520 quae
624 2418 724 2495 canis
739 2414 887 2513 dieitur,
902 2416 994 2492 ille
980 2445 1022 2491 111
1038 2414 1199 2493 ichneu-

135 2557 299 2611 monem:
325 2552 442 2612 meter
464 2537 506 2611 in
529 2538 717 2639 piponem,
742 2560 835 2636 quae
857 2536 994 2612 culices
1012 2535 1203 2613 muliones

133 2649 235 2752 legit.
273 2654 366 2730 Cum
379 2654 451 2732 hac
470 2655 611 2730 bellum
629 2670 683 2730 est
702 2654 848 2755 aquilae
873 2669 910 2729 et
936 2653 1078 2750 erodio,
1105 2646 1203 2757 qu‘o-

1 2823 2 2828 =
132 2794 217 2846 rum
242 2786 325 2846 ovn'
340 2774 559 2875 confringit,
582 2773 673 2848 dum
698 2800 876 2875 quereum
901 2771 1023 2849 caedit
1048 2790 1203 2877 propter

134 2887 289 2980 culices.¹
334 2892 547 2994 Vivuntque
572 2919 645 2968 una
669 2894 807 2994 reliqui
837 2895 878 2967 in
903 2892 1017 2989 sylvis
1043 2907 1080 2969 et
1104 2893 1202 2971 late-

130 3005 221 3105 bris,
246 3007 363 3084 fulica
387 3011 435 3085 ad
459 3012 561 3087 lucus
586 3026 623 3086 et
647 3037 748 3086 mare
774 3012 1001 3088 obversante.
1208 3008 1213 3019 '

234 3125 322 3203 Cur.
349 3129 433 3205 XV.
485 3136 536 3207 M
546 3158 626 3205 ero
633 3129 684 3232 pi
689 3157 721 3210 e.
780 3130 937 3207 Liberos
962 3126 1096 3204 habuit
1119 3130 1200 3207 Eu·

128 3242 245 3319 melus
270 3246 432 3353 Meropis
456 3247 500 3325 F.
528 3249 706 3353 superbos
739 3265 776 3327 et
808 3249 1015 3326 iniuriosos.
1064 3249 1198 3347 Byssn,

62 3420 71 3439 .
128 3361 313 3466 Meropis,
349 3380 387 3440 et
416 3366 542 3468 Agron
573 3369 604 3442 ii
642 3383 763 3445 erant:
799 3365 1090 3467 habitabuntque
1117 3367 1200 3445 con

46 3512 53 3533 ι
128 3480 285 3559 insulam
303 3485 541 3588 Meropidem.
577 3486 626 3563 Iis
652 3503 750 3563 terra
767 3487 946 3590 plurimos
964 3486 1099 3562 edebat
1113 3474 1211 3563 lra-¹

128 3613 224 3675 otus.
259 3605 346 3702 quia
370 3602 467 3681 hanc
492 3606 609 3680 solam
634 3605 788 3681 deornm
809 3605 1199 3701 venerabantur,so·

124 3718 275 3821 lamque
309 3721 504 3826 diligenter
537 3724 717 3800 colebant.
768 3726 836 3800 His
861 3727 957 3800 nulli
981 3740 1084 3801 erant
1109 3751 1200 3801 oum

126 3834 340 3917 homnibus
367 3868 604 3949 congressus,
629 3871 749 3947 neque
773 3844 870 3919 vel
857 3871 899 3918 us
922 3843 1057 3919 urbem
1081 3845 1199 3921 inun-

126 3954 230 4053 bnnt,
256 3959 316 4032 vel
338 3961 504 4038 solennes
527 3964 653 4068 epulas
672 3980 707 4039 et
722 3963 831 4038 festos
845 3963 917 4039 diis
931 3963 1010 4040 dies
1028 3962 1223 4067 obbone-
