2670 4688
36 445 226 549 regione
244 439 442 544 templum:
466 438 508 513 in
526 433 634 537 qu'od
645 437 731 512 cum
740 462 786 512 se
794 434 1009 514 contulisset
1023 440 1143 538 Drya·-=

39 593 149 670 pe,
184 558 459 656 Hamadryades
491 555 749 632 benevolentia
773 556 951 660 inpulsae
977 580 1059 634 eam
1076 582 1145 635 rae

14 698 262 788 ‚puerunt,
283 696 337 777 ⁸et
366 680 408 754 in
427 677 537 774 'sylva
562 675 811 770 occultarunt,
846 674 928 752 loco
953 679 1033 754 eius
1060 680 1144 755 alno

43 804 257 897 excitata,
283 825 328 877 ao
350 823 454 902 pone¹
471 795 597 870 alnum
620 793 733 869 fonte.
782 793 839 870 At<
850 795 1013 899 Dryope,
1038 790 1145 874 natu-2

26 949 145 998 rae
170 920 371 997 mutatione
395 917 443 992 de
466 913 615 1013 mortali
638 913 736 988 sacta
761 913 1010 1017 estuympha.
1029 910 1146 997 ’Λήι-
1200 968 1219 1021 x.

48 1039 245 1144 phissus,
270 1063 337 1142 pro
361 1034 503 1111 meritis
522 1029 778 1135 Nympharum
798 1033 840 1107 in
862 1030 1029 1132 matrem,
1052 1026 1147 1119 temss

46 1161 188 1263 plum
220 1159 311 1262 ipsis
338 1153 530 1239 condidit,
564 1153 777 1255 primusque
811 1168 1147 1233 cursuscertemen

55 1278 262 1355 coniecit}
289 1274 394 1377 quod
410 1271 556 1349 incolae
571 1268 645 1346 hoc
662 1296 810 1373 quoque
834 1288 959 1349 nostro
982 1289 1147 1378 tempore

10 1410 19 1431 '
57 1412 224 1484 curant.
282 1395 485 1472 Mulierem
519 1415 563 1465 eo
590 1389 774 1475 ,accedere
804 1391 908 1478 nelos
937 1409 1014 1492 est,
1031 1451 1033 1455 -
1048 1382 1150 1525 qdod

58 1513 258 1620 Dryopen
283 1540 307 1589 a
326 1510 510 1614 Nymphis
536 1509 719 1585 sublatam
742 1482 879 1584 duae
850 1510 1033 1614 virgines
1042 1506 1151 1591 inco-

65 1631 132 1709 lis
158 1635 386 1710 indicarunt.
413 1656 504 1731 quas
528 1627 780 1809 indignatione
806 1646 926 1706 motae
904 1628 1150 1807 Nymphae,

68 1750 123 1826 in
152 1753 292 1829 abietes
316 1763 527 1826 mutarunt
760 1782 762 1787 ·
845 1776 865 1787 ··

188 1872 277 1948 Gur.
302 1871 478 1947 XXXlll
532 1812 772 1945 Alcmena.
830 1798 1153 1977 liscPherecyde.
1206 1948 1209 1957 ,

73 1986 256 2068 Herculis
273 2005 449 2096 posteros,
473 1990 554 2090 ipso
577 1987 832 2064 emortalibus
848 1988 1006 2088 sublato,
1031 1999 1152 2096 patria

77 2110 244 2212 expulit,
270 2135 314 2186 ac
339 2109 585 2208 sibi-regnum
599 2108 729 2183 sumsit
744 2108 981 2205 Eurystheus.
1027 2113 1088 2188 Illi
1103 2116 1153 2193 ed

80 2223 381 2332 Demophontem
406 2225 544 2345 'Rhesei
567 2225 607 2300 F.
633 2226 802 2328 profugi,
826 2227 1088 2308 habitaverunt
1111 2236 1153 2312 iu

83 2350 261 2451 tetrapoli
269 2348 422 2424 Atticae.
454 2341 680 2440 Eurystheus
704 2347 815 2420 misso
833 2346 995 2427 Athenas
1019 2353 1153 2454 legato,

88 2458 233 2543 bellum
240 2468 436 2542 denunciat
442 2462 738 2558 Atheniensibus,
746 2466 1007 2543 niHcraclidas
1021 2474 1154 2575 expel-

91 2579 189 2662 lunt:
212 2612 331 2688 neque
347 2587 378 2660 ii
398 2583 541 2660 bellum
554 2581 766 2660 detrectant
816 2584 914 2685 Ergo
930 2582 1156 2684 Eurystheus

95 2697 302 2782 indtticam
318 2705 442 2806 copias
458 2703 618 2796 adducit,
636 2705 902 2805 commissoque
911 2707 1050 2807 praelio
1060 2702 1158 2786 iuter

10 2900 13 2935 ξ
99 2825 333 2922 pugnandum
357 2823 510 2899 occidit:
535 2820 690 2923 fusaque
717 2837 771 2897 est
789 2823 1011 2925 Argivorum
1031 2815 1159 2904 multi-

103 2940 198 3020 tudo.
245 2943 401 3040 Hyllus,
435 2957 472 3017 et
496 2941 562 3016 alii
585 2941 801 3017 Heraclidae
825 2969 912 3019 cum
939 2945 1044 3047 ipso,
1078 2955 1160 3053 post

105 3076 252 3139 mortem
264 3057 473 3158 Etuystlsei,
492 3057 644 3136 Thebas
662 3060 794 3138 urhem
808 3063 983 3141 incolunt.
1008 3067 1160 3144 Interim

25 3174 28 3179 ’
78 3185 146 3245 et
158 3177 325 3259 dlcnrena
350 3181 455 3256 annis
481 3179 657 3277 confecta,
683 3180 772 3256 obit
809 3181 929 3278 Quum
946 3210 1031 3260 cum
1051 3185 1161 3262 effen·

102 3307 185 3373 rent
205 3300 434 3397 Heraclidae,
462 3294 510 3401 (ii
534 3299 583 3374 ad
597 3300 758 3376 Electrae
780 3317 903 3403 portas
927 3301 1160 3403 habitabant,

101 3403 173 3489 sthi
193 3435 229 3496 et
251 3418 484 3512 Hercules,
471 3445 512 3492 m
536 3416 634 3514 loro)
660 3421 803 3521 Jupiter
826 3422 1051 3498 Mercurium
1075 3424 1163 3498 mit-

98 3519 171 3617 fit
194 3540 367 3615 mandato
392 3553 434 3613 ut
457 3536 672 3615 Alcmenam
696 3536 916 3615 suffuretur.
942 3534 1163 3641 eamqueiu

89 3580 224 3735 bedtas
248 3659 387 3735 insulas
413 3658 579 3751 allatam,
604 3654 884 3733 Rhadamantho
909 3654 971 3733 det
994 3678 1163 3738 uxorem
1249 3662 1252 3669 ’

86 3747 236 3856 Paret
223 3781 334 3855 tussis
341 3778 560 3852 Mercurius:
587 3791 624 3852 et
637 3776 719 3851 loco
729 3766 938 3874 Alcmenae,
955 3804 1066 3878 quam
1081 3779 1167 3856 fur-
1273 3781 1277 3791 ⁴

83 3872 169 3966 lun
195 3899 411 3992 abstulerat,
434 3898 596 4000 lapidem
617 3895 790 3970 feretro
776 3897 910 3974 miicit.
945 3898 1165 3976 Heraclidae

79 4006 191 4094 Ωιιῑιι
214 4017 444 4119 sandapilam
468 4031 647 4118 gestantes
666 4015 762 4090 mole
778 4015 1027 4119 gravaientur,
1052 4021 1167 4123 depo-

74 4107 413 4242 81ῗῐὶιιιιιρειιιιιιιι,
437 4152 474 4212 et
492 4162 559 4241 pro
576 4137 751 4214 Alcmona
775 4137 974 4242 lapidem
961 4140 1169 4226 inveniunt
