2670 4688
1119 275 1162 341 bl

50 450 250 546 Lyciam
276 451 399 545 venit,
429 447 586 537 infantes
620 445 667 521 ad
692 447 837 547 lavacra
859 445 1004 531 Xanthi
1027 475 1162 553 appot*

48 585 186 645 tans.
226 569 392 669 Cumque
409 568 571 673 primum
587 591 668 643 eam
691 568 881 669 regionem
905 570 1096 669 attigisset,
1120 575 1163 649 in

48 689 250 764 Meliten
275 688 415 765 iontem
436 688 586 765 incidit:
624 688 823 787 statuitque
845 686 905 761 ibi
929 679 1078 767 abluere
1104 693 1163 770 in-

52 806 230 904 fantes,
245 807 499 911 antequamad
511 804 706 883 Xanthum
723 807 942 908 pertigisset.
967 809 1041 885 Sed
1056 812 1164 915 pulsa
1267 858 1270 863 ·
1316 797 1320 809 ’

53 927 186 1003 inde
214 952 236 1000 a
260 927 488 1031 pastoribus,
528 928 597 1029 qui
629 953 673 1002 eo
700 942 827 1027 potum
851 925 966 1007 bores
991 932 1162 1031 egissent,

14 1061 17 1066 “
54 1045 278 1138 discessit
311 1044 423 1150 3ani
444 1062 569 1141 autem
594 1045 746 1121 obviam
760 1046 886 1144 lacti,
913 1063 951 1141 et
974 1048 1163 1143 adulantes

60 1165 210 1264 deae,
228 1193 344 1268 usque
369 1152 588 1259 adamnani
603 1165 797 1263 Xanthum
818 1167 991 1247 ductores
1014 1195 1058 1257 se,
1078 1173 1163 1261 vinu

63 1282 356 1383 praebuerunt
415 1288 507 1369 Eius
539 1311 674 1386 aquam
706 1313 792 1377 cuno
820 1286 978 1379 bibisset
991 1364 995 1369 ,
1008 1289 1163 1383 Latona,

66 1401 326 1508 infantesque
347 1405 536 1501 abluisset,
551 1403 756 1489 Xanthum
770 1404 936 1508 Apollini
956 1428 1163 1503 consecrat,

72 1534 217 1599 terrae
253 1540 398 1622 antem,
439 1551 533 1626 quae
573 1541 654 1609 tum
687 1526 870 1609 Trimilis
896 1528 1164 1630 appellabatunj,

73 1637 235 1735 Lyciae
252 1671 389 1719 nomon
406 1647 507 1741 lecit,
534 1646 681 1747 alupis,
707 1647 777 1745 qui
800 1648 901 1729 viam
922 1650 1164 1759 ,praeiverant

77 1755 259 1855 Rursum
285 1762 418 1841 deinde
442 1763 492 1839 ad
515 1763 655 1839 sontem
673 1765 853 1866 peruenit,
878 1767 1165 1867 suppliciumda

80 1882 309 1991 ppstoribus
333 1899 508 1980 sumtura,
535 1885 600 1985 qui
625 1880 747 1961 adhuc
771 1883 892 1965 bobus
916 1885 1084 1967 lavandis
1108 1888 1194 1978 ibi.
1299 1890 1318 1909 ”

82 2001 289 2077 vacabant.
319 2004 413 2079 -Ilos
446 2004 517 2099 dea
547 2005 737 2079 universos
769 2006 809 2077 in
834 2029 938 2080 ranas
963 2009 1164 2099 convertite
1248 2043 1257 2057 1

83 2122 286 2224 tergisque
312 2137 349 2197 et
372 2119 536 2199 humeris
569 2148 698 2225 aspero
728 2120 852 2226 lapide
885 2128 1088 2226 percussis,
1123 2156 1166 2213 nn

85 2227 242 2327 fontem
259 2243 433 2337 coniecit,
456 2245 669 2343 victumque
686 2243 728 2315 in
744 2245 851 2343 aquis
866 2244 1045 2322 attribuit.
1062 2249 1166 2350 iiquo

82 2356 300 2454 etiamnum
308 2361 406 2463 apud
413 2387 535 2437 amnes
544 2376 580 2435 et
589 2361 742 2463 paludes
749 2362 1006 2440 vociferantur.
1021 2372 1166 2445 Narra·

78 2467 158 2547 *1⁹⁰
176 2480 476 2559 eoiMeneorntia
483 2478 648 2556 xanthii
663 2479 704 2555 in
711 2481 898 2582 Lyciaoio,
917 2472 1165 2565 esttioandri.

123 2650 126 2657 ·
199 2600 295 2677 Car.
321 2602 512 2677 XXXVI..
557 2601 854 2676 Pandareos.
913 2604 1059 2698 lovem,
1094 2632 1168 2705 qun

78 2714 268 2822 telnrpore
304 2747 390 2795 eum
412 2735 515 2796 metu
540 2721 689 2795 Saturni
713 2717 816 2811 Rhea
839 2721 881 2795 in
905 2728 1055 2823 specum
1081 2723 1170 2800 Cre«

73 2831 242 2919 temam
257 2838 415 2936 abdidit,
432 2839 606 2944 praebita
620 2864 780 2915 mamma
797 2839 881 2915 on
906 2838 1075 2944 (capram
1091 2867 1168 2921 vox

72 2959 222 3055 ⁸011at)
254 2957 418 3062 nympha
435 2960 560 3037 aluit:
598 2984 751 3061 eamque
775 2957 913 3047 Rheae·
931 2963 1033 3037 iussu
1066 2964 1168 3039 canis

71 3080 236 3174 alucus
276 3079 485 3156 custodivit.
545 3080 689 3181 Jupiter
729 3094 929 3181 postquam
965 3081 1169 3172 Titanibus

50 3196 221 3279 ¹Pulsis
246 3199 402 3275 Saturno
427 3224 584 3300 regnum
608 3198 763 3294 ademit,
787 3202 927 3302 Aegem
949 3202 1170 3287 immortali-

73 3307 181 3393 tate
197 3318 357 3416 donavit,
377 3320 510 3411 eteius
526 3319 650 3418 imago
675 3334 778 3393 extat
801 3321 843 3395 in
868 3322 990 3409 astris:
1018 3347 1171 3395 aureum

76 3439 229 3519 fluum
253 3465 381 3515 canem
405 3437 534 3540 templi
559 3436 742 3512 Cretensis
771 3441 957 3523 custodiae
981 3439 1170 3541 praefecit·

77 3531 216 3635 Hunc
239 3556 439 3661 suffuratus
465 3556 673 3632 Pandareus
692 3557 853 3660 Meropis
871 3559 910 3633 F.
936 3560 979 3633 in
999 3558 1171 3660 Sipylum

86 3661 287 3774 abnuit,
320 3677 669 3775 custodiendumque
695 3675 797 3753 dedit
822 3678 981 3769 Tantalo
1007 3677 1171 3770 Jovis..et
1208 3701 1215 3724 1‘

63 3769 232 3873 Plutus
247 3799 287 3872 F.
325 3797 418 3873 Cum
441 3813 562 3871 autem
586 3795 772 3895 aliquanto
797 3813 881 3898 post
897 3813 1061 3900 tompore
1074 3799 1171 3871 Pan-

93 3893 237 4018 darens
262 3919 304 3993 in
330 3917 499 4019 Sipylum
524 3918 694 4010 venisset,
723 3941 922 4016 canemque
947 3933 1172 4020 reposceret:¹

97 4010 288 4112 Tantalus
315 4036 520 4139 depositum
546 4036 712 4111 eiuravit.
749 4032 979 4113 Pandareum
999 4064 1087 4140 ergo
1104 4039 1171 4113 Ju-

103 4140 218 4250 piter,
242 4171 393 4260 propter
416 4156 567 4253 lurtum,
593 4158 633 4231 iu
658 4181 802 4253 saxum,
827 4182 872 4239 eo¹
898 4160 1075 4261 ipsoque
1100 4174 1173 4233 stu»
