2670 4688
55 368 60 378 Ι
141 283 187 352 82

146 461 200 535 vit
225 471 377 549 terram,
413 453 624 554 conquieuit
655 454 696 527 in
720 452 851 530 Attica.
887 479 1043 556 eamque
1075 481 1187 558 magu

147 593 249 676 aestu
272 577 506 676 languentem
523 574 655 649 Misma
678 574 835 676 exeipit:
862 590 1063 676 potumque
1089 575 1187 652 offert

146 701 188 774 in
211 722 287 800 quo
311 694 517 798 pulegium-
533 706 571 766 et
600 692 721 767 farina
740 718 860 794 aquae
885 709 989 768 erant
1012 694 1187 797 pernrixta'

146 842 259 918 quem
274 841 359 892 eum
376 813 427 888 ob
443 813 544 887 sitim
561 811 881 888 Ceres-confertim
899 811 1088 933 ebibisset,
1112 815 1187 889 filiu

145 939 301 1014 Mismae
330 933 545 1010 Ascalabus·
569 933 610 1006 in
643 933 760 1006 risum
790 958 838 1006 <se
875 935 1066 1008 convertit.
1101 935 1187 1036 eique

144 1057 266 1131 denuo
290 1053 449 1128 lebetem
473 1047 709 1155 profundum,
734 1065 798 1124 aut
815 1050 956 1124 dolium
982 1050 1110 1128 afferri
1132 1055 1186 1129 ius

146 1178 204 1251 sit.
257 1174 365 1248 Ceres
389 1174 504 1266 irata,
530 1169 631 1270 quod
655 1169 841 1269 reliquum
865 1171 1026 1271 potionis
1050 1187 1186 1268 erat,-e

144 1292 296 1369 infudit.
317 1293 422 1392 isque
447 1302 585 1364 mutata
608 1301 738 1362 natiue
762 1289 803 1362 in
827 1290 1053 1388 variegatam
1079 1317 1186 1394 corpu

144 1413 302 1486 bestiam
328 1406 564 1511 ascalaphnm
588 1405 701 1502 abiit,
733 1405 806 1481 diis
830 1404 1117 1509 hominibusque
1139 1416 1186 1485 e'x

145 1556 257 1605 osam.
283 1528 422 1630 (legit
409 1542 516 1602 luxla
548 1526 708 1602 cloacas:
742 1540 780 1599 et
811 1540 956 1628 gratam
978 1526 1106 1605 Cereri
1126 1554 1186 1613 ren

143 1662 324 1752 praestat,
349 1647 419 1748 qui
443 1671 529 1720 eum
552 1644 735 1720 interficit.
1169 1686 1175 1703 ·

236 1767 336 1842 ffCsr
362 1766 482 1841 XXV
518 1764 771 1840 Metioeaa
796 1763 1099 1867 etMenippo.
1140 1772 1186 1843 lu

143 1888 285 1972 dialem,
313 1895 352 1959 et
377 1912 399 1958 e
426 1883 608 1957 Corinnae
629 1882 753 1985 primo
779 1884 827 1957 de
851 1885 1052 1962 Alteratis.
1073 1883 1185 1967 Orio:

141 2008 273 2100 Hyriei
296 2005 335 2078 F.
368 2005 409 2075 in
432 2004 604 2086 Boeotia,
640 2001 748 2074 filias'
764 2000 898 2078 habuit
920 2003 1185 2083 Metiochame

141 2125 364 2224 Menippam.
394 2172 408 2226 ¹.
417 2122 518 2215 Hae,
553 2146 627 2221 quo
652 2136 815 2224 tempore
832 2138 982 2224 patrem
1006 2126 1185 2201 niano-e

140 2241 353 2315 hominibus
395 2239 562 2324 sustulit,
607 2240 705 2342 apud
745 2256 901 2315 matrem
939 2243 1185 2321 educabantur

139 2362 305 2434 Minerva
330 2385 439 2462 porro
472 2358 624 2434 texendi
656 2374 773 2434 artem
804 2385 864 2434 eas
897 2361 1041 2456 doernt,
1078 2364 1185 2439 Vonu

138 2477 413 2580 pulchritudine
439 2480 597 2554 donarit.
641 2478 735 2559 Cum
759 2495 881 2554 antem
906 2495 1022 2567 totam
1044 2482 1185 2559 Aonia!

137 2601 328 2675 invasisset
360 2599 492 2702 pestis,
525 2599 706 2699 multique
740 2600 1056 2677 exanimarentur:
1075 2652 1079 2657 -
1096 2606 1185 2679 nris:

33 2781 36 2787 .
137 2735 222 2794 sunt
237 2720 313 2818 qui
337 2719 520 2820 Apollinis
546 2719 716 2813 Gortynii
741 2719 930 2794 oraculum
958 2722 1185 2799 consuleret

54 2903 56 2907 ,
136 2837 185 2909 lis
210 2839 398 2938 praecepit
421 2839 538 2921 Deus,
564 2852 607 2911 ut
632 2836 723 2912 duos
747 2839 918 2912 Eriunios
943 2838 1032 2915 deos
1056 2838 1184 2919 deme]

136 2970 249 3028 ceant.
277 2980 320 3027 ao
345 2957 439 3030 iram
463 2955 575 3030 deum
597 2956 784 3058 planatum
807 2957 877 3052 iri,
903 2958 936 3032 si
961 2959 1056 3034 duae
1081 2957 1184 3064 ungri

29 3122 31 3126 ν
136 3098 198 3144 nes
219 3072 271 3145 -iis
297 3074 583 3150 immolarentur.
642 3075 684 3148 ln
709 3076 864 3150 civitate.
882 3076 985 3152 nulla
1009 3080 1184 3182 virginus!

134 3217 180 3262 se·
199 3190 247 3263 ad
267 3191 568 3267 satisfaciendum
586 3192 733 3269 oraculo
753 3194 900 3281 obtulit,
927 3197 1044 3273 donee
1061 3197 1184 3275 aneilla

131 3310 173 3384 iel
198 3308 347 3386 Orionis
372 3311 519 3387 filiabus
544 3314 734 3415 exposuit,
764 3314 811 3388 ad
836 3315 948 3421 telana
971 3310 1184 3395 sedentibus

131 3430 205 3503 Eae
231 3429 379 3504 oraculo
406 3433 564 3533 cognito,
590 3448 717 3534 sponte
734 3458 800 3508 sua
816 3460 884 3536 pro
902 3436 1074 3513 omnibus
1094 3464 1184 3515 mor

130 3564 204 3622 tem
230 3564 422 3651 oppetere,
457 3551 674 3653 priusquam
697 3554 884 3654 popularis
908 3556 986 3631 lues
1012 3557 1111 3661 ipsas
1134 3561 1184 3637 in·

129 3666 329 3763 resileant,
363 3669 587 3770 delegerunt.
637 3673 834 3773 Propterea
869 3700 954 3750 eum
986 3702 1114 3755 manes
1135 3694 1184 3761 tu

73 3828 79 3841 ι
128 3783 376 3892 invocassent,
410 3789 595 3892 professae
619 3817 658 3865 se
683 3793 780 3894 ipsis·
798 3791 896 3867 ultro
922 3792 1056 3872 offerre
1080 3800 1183 3879 vieti·

125 3925 207 3975 mae
231 3904 326 4000 loeo,
351 3909 457 3983 radio
481 3910 679 3985 claviculas
702 3929 979 4014 percusserunt,
1004 3932 1183 4023 ruptoque

124 4019 289 4119 iugulo
276 4050 316 4098 m
340 4041 475 4102 terram
493 4046 718 4105 corruerunt
744 4032 793 4105 At
805 4033 1022 4135 Proserprna
1035 4052 1072 4111 et
1080 4038 1183 4117 elue

123 4138 306 4237 mansu,
339 4148 527 4247 virgiuum
560 4174 760 4254 corporae
794 4152 916 4227 medio
942 4153 1183 4259 ιΙιιῐιιΙοιιιιιι
