2670 4688
161 266 206 332 96

164 441 212 517 ad
225 438 427 544 Pasiphaen
440 441 641 540 ingressus,
649 463 735 514 cum
748 465 792 514 aa
806 441 905 516 coiit.
926 440 1128 542 Postquam
1142 467 1235 544 pro·

162 562 237 641 lem
262 560 386 662 adepti
405 559 572 655 suerunt,
599 558 663 633 dat
680 559 800 637 Minos
821 561 990 654 Procridi
1009 559 1177 636 iaculum
1198 576 1238 637 et

164 695 303 765 canem,
313 705 413 780 quae
428 678 530 791 nulla
543 676 623 753 fera
635 678 772 752 evitare
789 694 943 781 poterat,
957 679 1023 754 sad
1040 707 1168 755 omnes
1185 681 1236 756 iis

164 799 412 902 capiebantur.
416 792 445 899 ,l
445 798 514 875 His
532 799 672 891 sumto,
694 797 839 873 Procris
859 795 1067 874 Thoricum
1082 799 1234 875 Atticae

26 997 33 1021 .
162 922 277 1017 venit,
289 917 358 993 ubi
371 900 552 1020 Cephalus
565 912 773 1010 habitabat,
792 932 829 992 et
848 916 884 990 ei
892 919 933 991 in
949 919 1146 992 venatione
1166 920 1236 994 ad-

149 1040 236 1117 ,suit
250 1052 387 1113 mutato
402 1034 535 1111 habitu
548 1035 590 1113 in
605 1034 762 1122 virilem,
780 1051 816 1110 et
832 1050 937 1110 tonso
956 1037 1104 1140 capillo,
1120 1038 1176 1112 ita
1193 1055 1235 1115 ut

164 1160 350 1241 anemine
374 1168 639 1257 agnosceretur.
675 1151 854 1256 Cephalus
877 1155 1172 1234 animadvertens
1194 1187 1232 1236 se

161 1279 326 1353 venando
355 1274 452 1351 nihil
476 1272 672 1378 consequi,
706 1273 829 1349 omnia
852 1274 1027 1370 Procrin,
1064 1277 1234 1354 iaculum

161 1399 262 1475 istud
283 1393 489 1497 accipiendi
506 1392 706 1495 cupiditate
722 1408 777 1467 cst
796 1408 932 1495 captus.
968 1398 1113 1473 Procris
1133 1400 1177 1474 id
1198 1402 1235 1475 ei

161 1517 349 1620 promisit,
372 1513 581 1589 conditione
599 1509 826 1586 concubitus.
860 1513 1025 1615 Cumque
1044 1515 1233 1620 Cephalus

135 1628 411 1729 {conditionem
432 1631 648 1734 accepisset,
675 1631 821 1705 Procris
845 1659 884 1707 se
908 1635 1092 1735 prodidit:
1120 1639 1233 1741 eique

163 1752 424 1859 exprobravit,
445 1750 546 1852 quod
563 1749 679 1824 multo
696 1751 838 1852 turpius
856 1767 966 1852 atque
982 1754 1063 1855 ipsa
1080 1783 1235 1858 peccas·-

145 1874 226 1951 ¹sat.
251 1873 372 1975 Atque
388 1896 515 1946 canem
530 1870 682 1968 quidem
695 1885 731 1944 et
743 1869 906 1945 iaculum
925 1869 1106 1974 Cephalus
1123 1901 1234 1954 accc·¹

117 2040 131 2053 κ
162 1995 229 2096 pit.
264 1988 485 2092 Amphitruo
510 2003 633 2062 autent
658 1988 759 2062 canis
784 2014 895 2091 opera
919 1990 1102 2093 indigens,
1126 2001 1234 2073 venit

127 2153 130 2159 ·
165 2113 214 2187 ad
240 2106 459 2211 Cephalum:
492 2107 708 2207 rogavitque
734 2121 776 2182 ut
800 2135 925 2183 secum
949 2110 996 2186 ad
1019 2115 1263 2192 venandum·

164 2230 313 2331 vulpem
329 2226 590 2328 proficiscatur,
606 2227 785 2328 promissa
802 2228 957 2329 praedae
973 2245 1090 2331 parte,
1113 2260 1233 2336 quant

105 2352 107 2355 ’
165 2349 211 2425 de
230 2345 406 2423 Telebois
422 2360 514 2419 esset
536 2361 716 2447 capturus.
751 2346 805 2420 Eo
833 2348 932 2422 enim
953 2352 1117 2451 tempore
1133 2354 1234 2447 Cad-

27 2564 31 2575 .
66 2501 71 2508 ·
165 2468 257 2544 meis
282 2465 452 2568 apparuit
475 2464 624 2566 vulpes,
656 2463 909 2567 prodigiosum
933 2466 1091 2565 animal,
1131 2498 1232 2574 quae

164 2586 367 2673 identidem
385 2610 408 2658 a
428 2584 628 2658 Teumesso
648 2584 803 2678 irruens,
833 2585 1074 2668 Cadmeorum
1093 2616 1232 2691 pueros

164 2704 350 2810 rapiebat:
375 2705 483 2804 eique
499 2728 591 2803 puer
604 2703 856 2804 exponebatur
874 2706 1062 2807 trigesimo
1079 2735 1233 2814 quoque

165 2828 240 2924 die,
267 2848 377 2924 quem
393 2822 460 2895 illa
483 2820 647 2895 ablatum
669 2820 878 2898 devorabat.
918 2825 1010 2900 Cum
1029 2851 1118 2928 ergo
1138 2829 1236 2907 Arn-

165 2943 316 3048 pltitruo
329 2941 371 3014 in
381 2938 563 3014 Teleboas
579 2938 720 3026 bellum
731 2966 881 3017 movens
897 2945 1038 3020 auxilia
1049 2945 1236 3026 Cadmeo-

165 3073 435 3163 rumposceret,
450 3084 523 3131 non
539 3057 612 3131 alia
622 3057 829 3134 conditione
844 3064 1102 3164 promiserunt,
1115 3093 1234 3168 quam

166 3182 201 3261 si
226 3205 287 3255 eos
316 3177 357 3250 in
379 3176 490 3278 vulpe
510 3174 695 3278 perdenda
721 3177 873 3255 iuvaret.
926 3181 970 3257 Id
990 3199 1119 3285 pactus
1144 3215 1235 3265 cum

167 3297 335 3387 Cadmeis
345 3291 576 3397 Amphitruo,
593 3296 641 3371 ad
651 3295 852 3400 Cephalum
866 3300 1063 3402 profectus,
1079 3322 1234 3406 pactum

166 3418 204 3495 ei
228 3415 397 3519 exponit:
425 3414 689 3517 persuadetque
716 3432 759 3493 ut
785 3445 870 3494 cum
893 3445 980 3494 cane
1006 3446 1133 3498 secum
1160 3442 1230 3504 eat.

165 3536 371 3615 Assentitur
391 3530 584 3635 Cephalus,
608 3535 865 3638 profectusque
887 3539 1037 3642 vulpem
1061 3560 1232 3622 venatur:

166 3656 209 3735 ln
221 3655 307 3729 fatis
324 3668 471 3748 crat,‘ut
484 3679 603 3754 neque
616 3653 738 3758 ytolpis
757 3656 852 3760 capi,
866 3684 984 3759 peque
1005 3687 1135 3753 canem
1150 3665 1233 3739 evi-

118 3752 124 3771 ·
167 3789 246 3850 tare
264 3774 515 3875 insequentem
536 3772 883 3879 quicquampossct.
920 3777 1013 3854 Cum
1035 3806 1125 3881 ergo
1152 3784 1254 3859 iam.

59 3984 63 3991 Ι
167 3879 296 3995 culpes
311 3894 482 3994 canisque
501 3892 541 3965 in
556 3892 716 3995 planicia
734 3910 852 3971 essent
865 3892 1059 3998 Thebana,
1082 3900 1233 4004 Jupiter
1261 3950 1266 3960 ·

166 4025 363 4114 utrumque
379 4012 420 4085 in
436 4009 599 4113 lapidem
614 4012 781 4090 mutavit.

244 4149 429 4229 Antonini
448 4150 637 4221 Liberalia
656 4153 1009 4242 metamorphoseon
1027 4158 1148 4224 Pinio.
