2670 4688
876 246 1008 295 Ἰ.

1161 290 1229 359 tet

163 485 218 534 nos
245 466 358 528 statuit.
403 468 464 528 Pro
477 450 651 540 Κολοσσός,
692 465 845 529 sidorum
873 487 911 529 ex
942 468 1118 530 coniectura
1133 465 1234 543 diseat·

164 553 339 629 emendare,
366 549 497 637 legerem
512 548 714 624 ’Κελαίθους
756 559 812 615 Est
833 556 911 616 enim
933 555 991 616 hoe
1012 557 1132 616 nomine
1153 552 1227 640 gens

163 641 379 722 Thesprotioa‚
409 639 580 701 Thessaliae
608 642 723 714 vicina,
758 643 841 702 ouius
864 641 1032 724 Stephanus
1059 656 1160 704 noster
1188 665 1227 705 ex

162 728 279 788 Rhiano
300 726 442 790 meminit.
485 724 663 801 Κέλοιθοι,
698 725 797 798 ἔθνος
818 720 1053 808 ermentrude,
1080 723 1229 813 προςεχὲς

162 809 205 896 τῇ
232 810 396 894 Θετταλίᾳ.
437 801 558 883 Ῥιανός
579 801 618 874 δ’.
643 807 784 894 λέγονται
804 809 857 875 καὶ
878 808 1046 885 Κελεθελς.
1079 821 1126 877 Ita
1145 817 1227 878 huno

162 898 264 960 locum
291 904 361 960 Ant.
381 899 524 962 Liberalis
542 901 582 960 'in
609 903 823 962 commentariis
852 901 889 960 ad
913 903 1097 985 Stephanum
1124 925 1227 965 emen-

162 985 323 1062 davrrmm,
356 1000 510 1068 antequam
531 985 619 1048 hasce
646 989 900 1070 Metamorphoses
929 989 967 1049 ad
997 988 1115 1070 predum
1135 1010 1225 1052 revo-

160 1073 251 1135 candi
272 1076 386 1135 animus
406 1077 493 1136 nobis
513 1075 681 1136 incesserat.
715 1079 861 1138 Burnus.
904 1077 1058 1137 Assentior
1078 1078 1146 1138 viro
1169 1078 1225 1141 do·

160 1173 221 1236 oto,
243 1162 294 1241 qui
307 1183 402 1243 nuper
419 1162 513 1235 edidit
532 1162 735 1236 Antoninum
753 1160 813 1245 legi
828 1164 907 1224 enim
919 1159 1107 1232 Κελαὶθους
1128 1185 1222 1246 opor-

160 1261 223 1308 tere
245 1249 333 1308 docet
352 1269 393 1309 ex
411 1248 573 1330 Stephano.
619 1250 736 1315 Scimus
764 1264 862 1311 tamen
884 1264 914 1310 et
933 1235 1077 1318 Κελτοὺς
1097 1250 1145 1310 his
1167 1270 1228 1331 po·,

181 1332 239 1394 ulis
259 1335 423 1399 immixtos.
446 1341 548 1399 Gens.
573 1339 619 1398 ‚In
639 1358 751 1418 nupera
772 1337 904 1398 editione
924 1337 1033 1417 corrigi
1053 1334 1228 1407 videsKee

158 1357 304 1492 derideor.
323 1423 394 1482 Nisi.
404 1421 527 1487 meliora
541 1421 648 1484 dooere
662 1425 728 1503 quis¹
744 1425 842 1502 habet,
862 1423 1044 1505 probandam
1066 1446 1130 1485 eam
1145 1444 1223 1485 oon-

159 1509 300 1569 ieeturam
322 1511 470 1570 existimo.
502 1512 634 1572 Munere.
671 1500 860 1591 Κελαόθσυς
879 1510 989 1591 legenti
1007 1508 1143 1579 Berkelio
1166 1510 1222 1571 ad-

158 1596 282 1656 sentitur
302 1595 423 1673 Galeus,
443 1618 620 1677 quamquam
641 1595 723 1656 addit
731 1625 743 1672 ,·
762 1599 878 1658 seimus
899 1608 1003 1657 tamen
1026 1609 1056 1655 et
1077 1583 1223 1681 Κελτοὺς

157 1682 210 1741 lrr's
224 1683 355 1761 populis
381 1686 549 1747 immixtos.
592 1682 653 1745 Sed
675 1682 733 1743 hoe
757 1696 845 1764 negat
863 1685 983 1744 omnino
1005 1683 1124 1747 Berkel.
1146 1698 1175 1744 et
1196 1685 1224 1745 si

157 1786 264 1828 verum
287 1782 349 1845 est,
380 1763 583 1848 emendatione
603 1791 665 1831 non
690 1784 758 1852 eget
777 1768 871 1832 loeus.
909 1768 988 1830 Malo
1011 1768 1080 1830 huie
1101 1773 1224 1851 peritior
1273 1812 1276 1817 -

119 1864 127 1874 “
156 1854 377 1917 Hemsterhusii'·
397 1877 502 1919 manus
528 1857 713 1933 medebitur,
744 1855 906 1938 legendum
934 1856 1117 1919 oeniioientis
1138 1854 1222 1916 Σελ-

155 1927 246 2016 λοός,
269 1943 349 2021 qnod
367 1966 405 2004 an
426 1943 496 2004 alibi
514 1942 601 2006 latius
622 1945 815 2020 confirmarit,
843 1945 963 2025 ignoro,
1000 1943 1057 2002 nisi
1079 1942 1161 2023 quo'd
1182 1942 1222 2005 ad

155 2026 259 2090 schol.
280 2031 435 2113 Aristoph.
453 2029 501 2092 Pl.
525 2050 558 2094 v.
582 2037 677 2092 1003.
706 2033 794 2092 etiam
818 2030 914 2092 Sellas
937 2031 1059 2093 mutatis
1086 2029 1221 2107 sedibus,

154 2114 276 2176 tandem
305 2129 336 2177 et
360 2119 457 2198 ipsam
483 2120 610 2200 Epirum
636 2120 767 2179 tenuisse
792 2117 935 2180 ostendat.
990 2121 1054 2176 Neo
1083 2116 1226 2182 dubium..

111 2266 115 2275 ,
154 2203 252 2266 Strab.
273 2199 328 2266 lib.
345 2209 411 2267 vn.
432 2225 499 2287 pag.
520 2209 595 2268 328.
636 2193 785 2282 Ἕλλσός,
813 2207 859 2266 uti
886 2202 1030 2281 Pindaro,
1048 2202 1114 2266 ·vel
1136 2200 1221 2264 Σελ-

153 2273 246 2366 λοῦς,
266 2291 312 2351 uti
329 2295 461 2354 Homero
482 2305 645 2363 vocantur,
664 2294 697 2353 in
717 2294 807 2373 Epiro
827 2289 960 2366 collocat,
980 2291 1081 2371 ibique
1101 2305 1131 2352 et
1149 2311 1219 2374 pag.

154 2376 231 2438 324.
255 2395 306 2437 eos
329 2379 506 2461 Thesprotis
529 2393 559 2441 et
586 2379 756 2441 Chaonibus
776 2380 883 2460 iungit.
927 2377 994 2441 Vid.
1015 2378 1121 2459 Steph.
1141 2380 1220 2456 Byz.

151 2480 188 2523 v.
206 2453 357 2543 Δωδώνη,
378 2468 431 2527 ubi
459 2467 562 2527 eadem
583 2466 644 2527 fere
670 2467 812 2546 reperies,
847 2477 876 2524 et
904 2486 937 2527 v.
962 2455 1085 2526 Σελλσί.
1129 2464 1218 2525 Adde

150 2548 275 2646 Didym.
297 2550 333 2611 ad
356 2556 447 2614 Hom.
465 2552 506 2623 ΙΙ.
524 2554 569 2614 Π.
591 2572 625 2616 ν.
646 2554 723 2616 234.
760 2543 889 2624 Σελλοὶ,
916 2547 1015 2619 ἔθνος
1028 2545 1217 2634 Ἠπειρωτι-

148 2652 209 2696 νον
229 2633 287 2716 τῆς
311 2637 520 2718 θεσπρωτλας.
565 2644 669 2702 Vens.
925 2687 928 2691 -

231 2727 304 2811 pag.
323 2731 354 2801 9,
377 2732 430 2789 32.
468 2713 533 2787 dre
558 2717 629 2797 τὰς
654 2717 870 2810 Γηρυόνου
890 2718 1083 2819 βοῦςΐνοαλ]
1121 2719 1167 2784 (ll.
1185 2725 1217 2788 J.

147 2811 286 2873 Gronov.
305 2812 478 2877 adArrian.
499 2813 537 2876 de
556 2819 636 2896 Exp.
657 2812 745 2876 Alex.
762 2819 801 2877 Π.
825 2817 876 2875 16.
898 2811 1049 2893 legitera.
1086 2798 1214 2891 Γηρυό-

148 2914 208 2975 υης
227 2897 369 2979 frequens
389 2901 468 2983 apud
490 2905 628 2977 Graecos,
650 2901 780 2963 undeet
799 2905 951 2979 Geryones
972 2899 1005 2957 in
1025 2909 1122 2970 resto,
1143 2897 1214 2956 ubi-

150 2980 272 3063 cunque
293 2988 436 3067 eorurrit,
472 2989 559 3050 etiam
580 2988 659 3071 apud
686 2989 807 3049 Latinos
834 2985 931 3070 legere
952 2982 1066 3045 malunt
1090 2984 1153 3046 viri
1166 2987 1215 3049 ‚D-

147 3090 228 3149 quos
249 3071 286 3132 ed
305 3075 438 3138 Anthol..
452 3079 491 3138 T.
512 3080 538 3138 1.
566 3098 634 3158 pag.
657 3079 731 3139 325.
760 3074 863 3136 ordine
891 3085 1024 3135 recenset
1051 3075 1154 3134 Burm.
1175 3074 1215 3134 V.

147 3154 196 3220 (21.
233 3160 351 3241 Ubique
372 3176 470 3222 tamen
488 3183 550 3223 non
569 3177 691 3238 mutem,
714 3164 783 3242 quia
803 3160 854 3221 alii
872 3158 945 3222 alios
966 3171 1098 3257 auctores
1120 3158 1216 3220 secuti

146 3242 300 3307 diversam
321 3251 555 3309 terminationem
575 3252 704 3329 reperire
723 3261 893 3330 potuerunt.
933 3246 1112 3325 Γηρυονευς
1133 3245 1213 3305 enim

144 3331 228 3412 apud
240 3334 405 3395 Hesiodum
416 3337 534 3419 Theog.
549 3355 583 3397 v.
594 3341 669 3399 287.
682 3335 880 3398 sanatrind.
903 3333 951 3411 [ad
960 3337 1047 3394 Nem.
1054 3332 1112 3394 od.
1121 3334 1212 3393 1v.v.

145 3419 215 3498 82]
231 3441 298 3502 pag.
310 3428 385 3485 362.
403 3423 461 3485 Ed.
475 3422 580 3505 Steph.
595 3421 727 3502 aliosque
743 3444 835 3502 aeque
850 3421 966 3496 dicitur,
981 3418 1064 3480 unde
1076 3415 1223 3516 l'iustatb..

143 3504 184 3565 ad
202 3508 329 3587 Dionys.
349 3511 464 3589 Perieg.
489 3531 521 3572 v.
545 3512 619 3572 558.
675 3506 812 3589 Λέγεται
839 3498 875 3567 δὲ
903 3503 953 3566 trud
980 3505 1130 3586 Γηρυων,
1160 3499 1212 3564 καὶ

142 3579 321 3674 Γηρυόνης,
343 3592 396 3656 καὶ
415 3586 603 3676 Γηρυονεός.
648 3600 694 3655 De
709 3610 832 3675 utraque
847 3594 903 3654 heo
918 3591 1122 3690 ter'minetionq
1138 3608 1221 3688 oon-¹

141 3693 221 3752 stat,
248 3685 364 3743 tertiam
383 3685 449 3764 ipse
478 3684 560 3743 dabit
577 3683 738 3762 Dionysius
761 3682 791 3744 d.
814 3679 1021 3762 1.Γηρυονος
1047 3695 1122 3753 μετα
1150 3695 1212 3736 πο-

139 3785 224 3845 τμον
249 3759 407 3852 ἀγήνορος.
450 3770 519 3832 Vid.
541 3769 662 3831 Munok.
683 3769 720 3829 ad
741 3768 852 3850 Hygin.
872 3788 940 3849 pag.
964 3769 1015 3826 te.
1051 3765 1153 3826 Vens.
1192 3781 1208 3839 ¹t

232 3856 309 3918 lbid.
352 3847 632 3926 συνελθόντες
667 3848 918 3931 ἀφελέσθαι]
970 3850 1129 3911 Fortassis⁴
1157 3849 1209 3912 hio

136 3939 229 4002 iocus
256 3943 298 4002 ita
325 3958 370 4004 est
397 3946 634 4005 constituendus:
666 3927 720 4002 ότε
734 3927 802 4009 ’τός
830 3923 996 4039 Γορρυόνου
1022 3931 1101 4017 βοῦς
1131 3954 1207 3999 ovea

138 4021 357 4111 Musque)
385 4017 422 4090 τό
451 4023 639 4108 ἀφελέσθαι.
696 4027 821 4092 Videtur.
847 4043 884 4086 το
914 4026 947 4087 in
975 4043 1026 4094 τες
1045 4045 1062 4084 a
1082 4022 1208 4087 librariis

137 4129 291 4178 mutatum
313 4129 343 4178 et
360 4120 479 4180 vicinae
498 4120 569 4181 voci
587 4118 734 4178 adiectum
752 4133 827 4178 esse.
856 4117 1002 4176 Burrum.
1043 4115 1106 4175 Aut
1126 4109 1216 4173 deest-

138 4223 211 4267 vox
231 4201 353 4286 aliqua,
373 4219 425 4271 aut
444 4204 605 4290 legendum
624 4195 800 4282 συνῆλθον.
842 4200 943 4267 Geir.
990 4200 1090 4289 Possit
1110 4197 1209 4261 videri
