2670 4688
552 232 568 274 6

195 282 261 350 m
295 228 298 241 ,

195 458 295 546 Sop.lr
312 456 391 524 Phil.
414 478 447 525 v.
468 462 543 522 730.
564 453 601 519 ι6
620 458 706 523 Bion.
727 461 752 524 Ι.
774 459 827 522 96.
849 454 886 519 ab
906 453 992 521 Astis
1014 451 1050 518 ad
1071 388 1149 519 Plat.
1166 453 1262 518 Petit.

193 574 262 632 pag.
283 550 358 610 423.
379 548 410 608 in
432 548 564 614 medium
590 547 715 631 prolata.
772 551 858 608 Errat
886 546 1022 626 Heynius
1043 544 1079 606 ad
1107 550 1199 607 Ηοιιι.
1221 543 1262 608 ΙΙ.

193 642 274 699 XXI.
297 657 328 700 v.
348 639 422 697 366.

136 737 140 756 ·
272 728 345 806 Pag.
367 727 396 800 9,
418 727 472 784 23
474 714 840 825 πρρςιιεοοῦσαν]
886 717 1007 781 Male
997 738 1031 782 ιιι
1055 715 1261 799 Xylandriana

114 836 121 885 J
192 808 301 893 legitur
316 810 445 871 editione
462 799 686 890 ιἰροςπέοουαν.
724 806 811 883 Quod
830 799 956 869 fortasse
971 807 1197 890 typothetarum
1216 821 1263 868 est

194 907 285 959 error.
313 901 457 957 Βιιιιιιιι..

232 987 340 1066 Peg.
357 989 387 1057 9,
407 986 473 1044 25.
487 966 916 1071 Αρτιμιιὴγεμόνην]
946 979 1078 1061 Hesych.
1095 971 1261 1061 Ἡγεμόνη,

187 1061 331 1153 Ἄρτεμις
352 1088 401 1128 και
392 1059 548 1152 Ἀφροδῖ
545 1088 595 1148 τη.
619 1073 751 1131 Μυιοιι.
783 1069 907 1128 Dianam
927 1069 1108 1149 Principem.
1140 1073 1261 1130 Ducem

153 1157 248 1218 vel
269 1158 455 1232 Praesidem,
478 1156 639 1238 spanhem.
659 1156 696 1216 ad
719 1151 835 1217 callim.
849 1160 946 1235 Hym.
970 1156 1003 1216 in
1021 1156 1106 1218 Dian.
1127 1175 1159 1218 v.
1182 1160 1261 1216 227.

194 1244 251 1306 ubi
269 1240 362 1304 multa
380 1245 418 1304 de
440 1243 523 1305 cultu
541 1249 621 1303 Deae
643 1241 732 1304 huius
755 1244 929 1303 eonomine
951 1240 1123 1305 celebratae.
1153 1246 1260 1305 Versu.

193 1329 274 1394 Add.
297 1335 459 1393 Greuzerus
482 1331 586 1408 symb.
608 1343 637 1391 et
655 1329 752 1408 Myth.
775 1334 813 1391 T.
833 1335 885 1393 IV.
903 1351 974 1419 pag.
996 1332 1049 1394 75.
1072 1329 1120 1392 ed.
1140 1349 1201 1391 sec.

280 1422 353 1500 Pag.
372 1424 403 1490 9,
418 1421 471 1479 26.
502 1409 727 1499 ἀγροτέρης
748 1411 937 1496 εἴκασμα]
966 1421 1050 1477 Hanc
1066 1430 1095 1477 et
1109 1417 1146 1477 ab
1161 1413 1261 1476 Athe·

68 1499 72 1505 ’
194 1504 347 1565 niensihus
358 1503 472 1565 cultam
485 1525 550 1564 esse
565 1504 704 1564 discimus
725 1525 764 1564 ex
778 1502 880 1565 Schol.
891 1505 981 1566 Arist.
980 1504 1093 1605 Equit.
1110 1499 1157 1586 [r.
1160 1501 1260 1582 657.]

197 1583 286 1660 isidore
305 1584 341 1650 66
367 1587 496 1670 τιμῶσιν
517 1585 686 1668 Ἀθηναῖοι
706 1578 766 1670 τὴν
794 1583 962 1674 ἀγροτέραν
980 1580 1135 1674 Ἄρτεμιν.
1181 1593 1260 1651 (ium

123 1678 129 1684 ⁵
195 1676 363 1742 Scholiasta
382 1677 435 1738 illc
457 1679 528 1738 facit
546 1676 663 1739 Aelian.
677 1681 746 1740 Var.
764 1679 841 1740 Hist.
857 1673 912 1740 lib.
924 1683 966 1740 Π.
981 1699 1045 1760 cap.
1062 1684 1114 1741 25.
1146 1668 1261 1760 Hypo·
1298 1668 1302 1679 ¹

183 1762 270 1848 ,τέρα
291 1778 389 1825 autem
411 1779 456 1826 est
476 1750 654 1844 θηρευτικὴ
676 1759 731 1824 καὶ
750 1750 934 1847 ἆγρεοτικη,
956 1778 990 1826 ut
1008 1765 1133 1848 exponit
1153 1762 1261 1828 Sobel.

123 1920 126 1924 ,
158 1878 161 1882 >
193 1851 284 1914 Pind.
303 1853 341 1911 ad
356 1853 446 1934 Pyth
462 1851 517 1913 06.
536 1855 581 1910 IX
601 1850 649 1930 [v.
664 1850 721 1932 6.].
757 1851 844 1912 Adde
859 1852 1012 1915 Pausan
1003 1874 1035 1912 ιιι
1048 1853 1156 1912 Atticis
1176 1848 1261 1935 [cap.

196 1945 237 2002 19
241 1940 386 2024 ,.7]pog
387 1940 458 2003 3.4.
479 1942 611 1998 Μοιοιι.
634 1935 724 1997 Plura
744 1936 804 1997 huc
823 1938 959 2004 facientia
979 1940 1126 2022 congessit
1140 1941 1261 2002 Staver.

190 2026 231 2088 *ad
241 1962 386 2091 Albric.g
386 2049 450 2109 cap.
467 2032 499 2088 7.
541 2023 611 2086 vid.
640 2027 751 2086 Meurs.
774 2024 813 2085 de
838 2024 946 2107 Popul.
972 2031 1050 2089 Art.-
1063 2047 1096 2089 v.
1123 2024 1260 2102 APPA,

194 2127 226 2175 et
246 2111 405 2177 Ruhnken.
426 2111 465 2175 ad
486 2109 566 2175 Tim.
586 2115 660 2174 Lex.
685 2133 755 2197 pag.
774 2113 847 2174 158.
878 2111 960 2198 [pag.
979 2118 1057 2176 168.
1077 2113 1126 2176 ed.
1128 2113 1261 2245 Koch]

193 2207 297 2265 Vrrrrr.
419 2230 421 2235 ·

268 2290 397 2387 Pag.9
405 2291 457 2349 29.
487 2273 683 2384 ’Ἤπειρον
704 2266 842 2368 οὖσαν]
878 2278 1048 2365 Proetum
1068 2301 1104 2348 ut
1123 2309 1189 2371 cap
1204 2287 1259 2351 41.
1323 2362 1329 2377 Ι

132 2407 147 2422 κ
195 2366 237 2444 ὡς
260 2369 336 2454 ἔγνω
357 2359 459 2453 αὐτὴν
478 2370 720 2456 παρελθοῦσαν,
740 2375 873 2457 positum
893 2373 1028 2458 pluribus
1053 2373 1179 2437 aliorum
1200 2395 1260 2436 ex·

148 2506 151 2523 ,
195 2459 302 2543 emplis
321 2461 426 2543 probat
447 2462 544 2524 Periz.
563 2462 600 2523 ad
621 2460 737 2525 Aelian.
756 2466 793 2524 V.
814 2466 853 2524 H.
874 2460 928 2527 lib.
950 2468 1004 2526 ΠΙ.
1026 2485 1091 2546 cap.
1116 2468 1168 2527 17.
1171 2482 1260 2593 pag.

193 2549 271 2613 234.
293 2560 323 2608 et
339 2549 462 2610 Dissert.
480 2552 530 2610 IV.
531 2571 618 2647 cap.
636 2553 690 2612 27.
726 2553 828 2613 Vultu.

142 2656 144 2661 ·
265 2621 930 2736 1616.πολεμήοονταςγὰραῦτῷ]
968 2632 1044 2699 eod.
1064 2635 1156 2698 Paris.
1175 2580 1260 2716 quod

195 2722 319 2784 exhibet
338 2713 416 2788 οὗτο
435 2721 554 2801 (sic),
544 2743 576 2782 1n
595 2708 693 2782 αὐτὸν
714 2720 810 2784 lenius
832 2723 938 2782 mutari
958 2743 1047 2805 posse
1067 2725 1108 2784 ait
1128 2724 1260 2799 Bestius,

195 2810 336 2891 quoniam
357 2809 507 2886 πολεμεῖν
527 2830 595 2869 cum
617 2821 721 2888 quarto
744 2829 814 2870 casu
839 2811 972 2871 iunctum
992 2811 1024 2870 in
1044 2808 1174 2894 vulgatis
1196 2768 1261 2871 ferti

194 2909 404 2958 numeretur.
403 2894 566 2974 Equidem
595 2894 746 2977 vulgatam
773 2896 946 2980 scripturam
974 2895 1111 2958 intactam
1139 2895 1261 2977 reliqui.

132 3014 140 3024 κ
194 2987 293 3062 Atque
318 2982 376 3042 lroc
402 2982 523 3041 omnino
543 2983 621 3044 inter
641 2994 799 3062 utrumque
819 2984 959 3044 interesse
980 2984 1081 3045 statuit
1101 2985 1261 3047 Fischerus

194 3070 233 3130 ad
253 3067 380 3132 Weller.
401 3071 442 3129 T.
464 3072 517 3129 III.
535 3073 573 3131 P.
591 3075 621 3133 1.
638 3090 706 3153 pag.
721 3073 795 3133 403.
817 3084 852 3131 ut
871 3071 1018 3147 πολεμεῖν
1037 3071 1262 3133 adiuncto'tet-
1316 3134 1324 3146 ,

118 3230 123 3237 ἢ
193 3157 237 3218 tio
261 3177 331 3228 casu
350 3155 497 3238 significet
518 3154 633 3214 bellurn
650 3177 772 3238 gerere,
784 3177 933 3238 pugnare
950 3177 1022 3215 eum
1041 3159 1167 3240 aliquo,
1189 3180 1275 3220 cum·

195 3256 300 3324 quarto
321 3263 391 3302 casu
413 3240 490 3309 bello
511 3241 651 3321 aliquem
673 3254 778 3322 perere
804 3255 835 3303 et
863 3242 1032 3325 infestare,
1064 3264 1261 3326 oppugnare,

194 3331 234 3391 de
255 3351 309 3407 eo,
332 3330 384 3410 qui
403 3325 516 3388 beilrun
542 3328 632 3389 alicui
651 3329 761 3392 infert.
800 3332 983 3403 Quibuscum
1005 3331 1151 3423 cpnferam
1174 3330 1263 3394 hand
1295 3345 1299 3349 ’

195 3415 383 3480 dissimilia'
374 3437 407 3476 ιιι
429 3412 531 3496 lingua
552 3415 728 3477 vernacula.
760 3419 819 3474 rnre
836 3402 1031 3476 demadem
1037 3416 1164 3498 kriagerr
1191 3418 1263 3482 sive

129 3549 132 3559 .
193 3507 295 3586 Krieg
306 3501 431 3586 frider-err
458 3514 546 3580 atque
566 3502 736 3563 demandari
763 3500 932 3583 bckrr‘egert.
984 3504 1071 3578 Quod
1097 3504 1263 3568 discrimen
1293 3495 1301 3507 ”

195 3614 214 3652 a
234 3590 443 3652 Graecianum
463 3601 626 3649 constanter
646 3590 696 3650 sit
706 3591 912 3664 observatum,
934 3603 1012 3649 certo
1034 3589 1157 3652 definire
1176 3614 1271 3656 nunc.

166 3698 321 3758 ,nequem
364 3673 455 3736 Plura
481 3674 594 3736 dabunt
611 3676 816 3739 Hemsterhus.
838 3675 876 3736 ad
896 3677 1034 3759 Xenoph.
1054 3676 1167 3759 Ephes.
1188 3700 1262 3764 pag.

197 3768 272 3827 197.
303 3761 350 3826 ed.
375 3759 489 3825 Irocell.
509 3762 784 3846 Schweighaeuser.
812 3763 851 3823 ad
871 3764 998 3846 Appian.
1023 3762 1274 3851 Vol.m.prg.1

198 3855 272 3914 128.
301 3848 484 3932 Wesseling.
505 3850 543 3910 ad
565 3851 654 3912 Diod.
677 3848 772 3914 Sicul.
799 3853 840 3914 T.
859 3854 885 3914 1.
911 3872 979 3935 pag.
1000 3855 1074 3914 160.
1094 3854 1169 3916 305.
1204 3856 1264 3917 Ti-

193 3939 291 4001 scher.
313 3936 350 3996 ad
371 3935 510 4019 Palaeph.
501 3956 664 4083 .pag.
618 3938 672 3998 74.
691 3940 744 4000 75.

269 4027 342 4104 Peg.
365 4028 395 4098 9,
417 4029 471 4085 30
506 4023 564 4083 Ka
597 4010 710 4094 eoric
720 4043 767 4084 κα
777 4011 1016 4104 lXticvue]
1036 4022 1262 4110 Aliquidpor-

195 4111 271 4176 teuti
297 4109 387 4172 latere
416 4112 473 4170 suh
501 4129 577 4172 voce
605 4098 763 4187 Κιλιοῦς,
794 4129 881 4171 nemo
910 4131 971 4173 non
997 4110 1091 4175 videt.
1147 4112 1262 4178 Nullus

194 4196 434 4287 geographorum
455 4194 582 4261 oetas
572 4218 604 4261 ιιι
624 4199 718 4281 Epiro
739 4195 913 4262 Ghaonihur
928 4210 958 4262 et
979 4197 1154 4284 Thesprotia
1174 4200 1278 4266 vici·-
