2670 4688
984 272 1285 367 ·ta'

43 495 163 543 reni
186 471 226 554 in
251 470 405 546 modum
422 469 571 559 dilexit:
597 470 726 549 fratres
744 486 865 549 autem
880 454 1022 549 invidia
1039 477 1142 564 moti,

44 588 179 667 clam
202 602 292 665 ‘eum
307 605 455 667 necant:
481 591 637 692 ideoque
655 592 754 694 pulsi
778 618 799 668 a
823 609 939 695 patre,
965 580 1145 694 Aeginam

43 709 309 810 relinquuntt
334 710 532 787 Habitavit
557 711 692 792 exinde
718 711 900 793 Telamon
923 714 1173 791 Salaminam-

30 829 255 906 insulam.
295 829 500 915 Peleusad
524 829 762 926 Eurytionem
786 832 839 906 Iri
861 833 900 907 F.
927 860 967 908 se
991 833 1145 930 confert,

49 948 194 1048 eique
220 947 377 1052 supplex
398 949 452 1044 fit,
478 963 515 1024 et
540 950 662 1025 caedis
688 976 795 1033 causa
820 952 1001 1054 expiatur.
1035 955 1146 1031 Hunc

48 1066 214 1143 Peleus
237 1069 426 1171 postmodo
452 1069 493 1142 in
517 1071 730 1168 venatione,
766 1095 896 1173 aprum
919 1069 1031 1147 ferire
1056 1073 1146 1149 dum

54 1185 251 1282 intendit,
268 1189 483 1292 imprudens
501 1188 691 1265 interficit:
707 1172 966 1291 ¹‚profugusque
984 1191 1033 1266 ad
1048 1192 1145 1268 Aoo-

60 1319 179 1379 stum
201 1309 440 1408 pervenitis
465 1334 551 1382 eum
577 1306 696 1410 (quod
719 1334 817 1391 uxor
839 1311 1009 1405 Peleum,
1027 1335 1050 1385 a
1069 1337 1145 1411 quo

61 1421 216 1501 frustra
241 1426 481 1503 concubitum
505 1429 724 1529 expetierat,
750 1429 799 1503 ad
821 1431 995 1513 meritum
1013 1429 1060 1504 de
1084 1454 1145 1517 so-
1255 1518 1257 1523 .

65 1540 223 1620 licituta
247 1571 314 1622 sua
338 1546 526 1648 pudicicia
557 1552 776 1644 accusasset)
811 1549 853 1621 in
883 1548 986 1624 Pelio
1021 1563 1144 1625 moute
1279 1588 1282 1593 ·

70 1662 201 1740 solum
234 1665 407 1742 destituit
466 1665 596 1739 Peleus
636 1665 810 1741 oberrans
845 1665 893 1740 ad
926 1665 1146 1747 Cheirouem
1261 1738 1266 1759 ,

72 1785 184 1859 venit
209 1801 439 1861 centaurum:
478 1784 527 1857 ab
553 1810 670 1884 eoque
697 1784 856 1887 supplex
879 1785 1069 1886 impetrat,
1102 1802 1145 1863 ut
1199 1833 1205 1855 ,

73 1897 122 1972 in
150 1918 292 1978 anuum
315 1906 523 2007 recipiatur.
559 1904 648 1978 lude
673 1904 799 1979 multis
815 1902 946 1979 ovibus
963 1919 999 1978 et
1023 1903 1145 1981 bobus

79 2020 259 2118 collectis,
287 2023 336 2098 ad
353 2025 453 2100 lrum
468 2025 602 2126 pergit,
628 2049 744 2124 eaque
769 2023 891 2100 caedis
916 2023 1063 2103 nomine
1076 2050 1144 2126 pro

78 2141 221 2217 mulcta
236 2141 354 2220 offert.
373 2145 465 2219 Cum
477 2145 767 2219 recusaretlrus:
785 2144 913 2219 Peleus
925 2169 980 2239 ea,
995 2143 1144 2219 oraculo
1265 2146 1269 2152 ’
1319 2128 1321 2132 ’

81 2252 256 2358 monitus,
275 2264 434 2340 otutodis
448 2289 564 2338 vacua
580 2263 743 2339 dimittit.
776 2263 838 2338 Ibi
852 2264 963 2367 lupus
973 2289 1023 2339 ea
1039 2265 1146 2340 inva-
1239 2331 1248 2341 .

81 2369 159 2472 dit,
172 2396 277 2483 atque
291 2383 451 2458 devorat.
467 2382 691 2484 isquelupus
709 2381 835 2457 divino
847 2384 949 2458 iussu
964 2384 1005 2457 in
1016 2410 1147 2460 saxum

83 2514 257 2597 mutatur,
267 2502 369 2604 quod
379 2503 583 2577 diutissime
593 2503 793 2603 permansit
801 2503 1100 2577 interLocridem
1110 2517 1147 2578 et

84 2609 293 2698 Phocidem.
312 2626 455 2697 Narrat
465 2621 735 2723 booNicunder
741 2619 1145 2722 primoAlterotorum.

191 2739 277 2816 Car.
310 2738 493 2817 XXXIX.
527 2799 528 2803 η
559 2745 857 2844 Arceoplton.
924 2737 1146 2818 Arainoi‘.

91 2850 367 2935 Flumentanam
400 2858 555 2935 Leontio
586 2867 637 2938 11.
674 2864 812 2959 refert:
840 2857 1147 2962 ·Arceophontem

10 2980 12 2991 '
93 2964 316 3077 Miruyridae
336 2981 376 3054 F.
403 2981 586 3056 Salamine
609 2981 724 3084 Cypri
747 2979 840 3055 urbe
866 2994 994 3055 uatum
1017 2978 1146 3067 fuisse,

96 3097 298 3195 perentibus
324 3097 511 3195 obscuris,
538 3101 675 3202 quippe
700 3098 964 3175 Phoenicibus:
989 3099 1059 3187 sed,
1079 3125 1147 3202 pe·

25 3236 29 3245 ·
99 3213 198 3289 cunia
215 3233 251 3293 et
267 3217 351 3292 aliis
369 3217 480 3292 rebus
500 3219 636 3319 quibus
651 3218 752 3295 beati
766 3235 942 3322 putantur
963 3217 1146 3314 homines,

97 3322 286 3417 Plurimum
311 3337 402 3414 ulios
428 3338 679 3415 excellentem
715 3341 810 3415 Eum
826 3340 906 3413 visa
922 3338 1147 3413 Nicocreon·

98 3439 144 3529 ¹¹⁸³
157 3450 432 3534 Salaminiorum
448 3457 547 3559 regis
568 3457 657 3552 filia,
684 3483 807 3533 amore
825 3457 904 3532 eius
924 3472 1147 3559 correptum,

10 3602 13 3642 ι
95 3570 139 3628 ⁰⁰
160 3579 272 3678 magis
297 3578 443 3681 nuptias
464 3577 654 3677 expetiisc,
679 3578 768 3677 quia
781 3576 985 3652 Nicocreon
1005 3575 1146 3650 aTeu·

92 3692 155 3753 ⁰¹¹⁰
174 3719 286 3796 genus
304 3696 466 3794 duceret,
492 3721 535 3770 eo
561 3696 628 3796 qui
645 3694 909 3797 Agamemnoni
931 3693 973 3766 in
989 3693 1057 3768 Ilio
1076 3720 1145 3771 ex-

85 3807 282 3918 Pugnando
309 3813 432 3893 affuit:
458 3817 583 3917 itaque
607 3814 827 3916 nuptialium
844 3837 1038 3888 munerum
1062 3812 1146 3916 pol-

81 3895 286 4009 horatione
309 3936 400 4010 alios
427 3961 551 4043 omnes
570 3959 701 4036 procos
720 3957 916 4037 superasse.
953 3931 1144 4009 Caeterum
1277 3955 1280 3965 ¹

117 4031 364 4128 icocreontem
380 4053 548 4130 abnuisse
560 4069 604 4129 ut
618 4054 684 4154 qui
692 4047 1143 4153 PunicumArceophontis
1232 4056 1235 4065 '

76 4158 200 4248 genus
216 4172 293 4250 sibi
308 4173 480 4252 dedecori
495 4172 575 4253 lore
591 4187 763 4252 censeret.
796 4171 900 4259 Huic¹
909 4167 1142 4258 matrimonio
