2670 4688
1070 194 1072 198 .
1197 123 1276 188 71·

119 289 269 373 Deris
283 282 692 388 *siquandosalutem
725 284 832 366 fratri
851 284 924 379 ab·
938 275 1071 391 apibus
1102 291 1239 395 nutrito

124 405 369 481 allaturum
392 419 592 480 monuerat.
646 406 742 480 Puer
767 403 987 508 simulatque
1011 409 1160 485 virilem
1184 427 1240 487 at-

128 526 256 625 tigit
277 538 453 620 aetatem,
475 522 664 628 praeclare
689 551 728 599 se
753 527 885 626 gessit,
909 527 1153 629 plurimisque
1178 531 1237 605 vi-

131 645 339 721 cinorum
349 643 529 748 praefuit:
546 658 584 719 et
604 644 645 717 in
661 641 797 719 Phthia
814 645 946 720 urbem
963 647 1128 723 Melitam
1147 674 1235 733 con-

135 763 276 841 didit.
311 764 453 845 llx'titit·
468 789 511 843 ea
536 765 577 837 in
597 761 691 836 urbe
716 779 893 859 tyrannus
918 764 1099 851 violentus
1124 782 1234 867 atque

137 883 469 980 contumeliosus,
480 884 587 959 cuius
604 882 696 957 adeo
707 909 840 958 nomen
856 884 999 959 incolae
1013 910 1088 961 non
1105 885 1233 981 edunt:

139 1002 355 1102 peregrini
388 1001 587 1081 Tenemur
618 1001 860 1104 appellabant
891 1005 948 1101 is,
984 1003 1018 1076 si
1049 1029 1124 1103 qua
1153 1005 1233 1101 eius

142 1119 242 1197 loci
266 1120 373 1223 virgo
406 1121 457 1195 ol>
471 1176 474 1181 -
490 1120 630 1197 formae
661 1121 948 1222 pulcritudinem
973 1121 1233 1218 celebraretur,

146 1241 201 1313 vi
227 1266 311 1321 eam
335 1253 418 1314 ante
443 1243 589 1341 nuptias
615 1240 811 1318 abductam
834 1241 1001 1319 vitiabat.
1040 1242 1162 1343 Atque
1187 1227 1262 1326 eo⁰

152 1371 244 1433 tum
261 1374 428 1461 tempore
449 1360 635 1435 ministros
657 1361 813 1434 iusserat
831 1360 1011 1439 adducere
1024 1362 1101 1437 sibi
1112 1361 1230 1467 Aspa-

155 1474 298 1573 lidem,
333 1479 471 1579 Argaei
493 1504 568 1553 non
601 1477 777 1578 ignobilis
804 1480 879 1554 viri
901 1481 1027 1556 filiam.
1054 1506 1147 1580 quae
1172 1483 1229 1559 rei
1282 1562 1285 1567 ,

161 1592 263 1675 lanea
286 1597 487 1698 divulgata,
513 1612 596 1672 ante
618 1597 818 1671 adventum
842 1623 971 1671 eorum
995 1599 1132 1696 quibus
1156 1599 1226 1673 ate..

162 1711 321 1791 ducendi
344 1717 405 1791 sui
434 1716 630 1816 negocium
660 1731 739 1789 erat
771 1716 918 1809 datum,
950 1717 1112 1817 seipsum
1142 1742 1223 1791 sus-

164 1837 301 1931 pendit.
351 1837 463 1911 Facto
498 1832 619 1909 adhuc
656 1834 789 1911 latente
813 1834 927 1910 frater
951 1835 1095 1938 puellae
1118 1832 1227 1929 Asty-

167 1953 260 2049 gitcs
289 1956 406 2050 iurat,
438 1952 655 2056 priusquam
687 1955 822 2037 sororis
856 1979 988 2056 corpus
1016 1953 1227 2055 deponeret,

165 2094 201 2143 se
233 2077 272 2151 in
293 2091 492 2175 tyrannum
515 2074 798 2150 vindicaturum.
823 2072 925 2148 illico
950 2087 1088 2147 vestem
1110 2070 1228 2173 Aspa-

128 2198 131 2205 '
163 2185 256 2269 lidie
276 2194 418 2287 induit,
450 2191 648 2293 gladioque
682 2194 730 2267 ad
754 2192 943 2269 sinistrum
965 2192 1060 2267 latus
1084 2190 1226 2285 abdito,

160 2315 268 2405 quod
290 2314 499 2389 adolescens
524 2311 725 2387 etiamnum
746 2326 860 2406 esset,
885 2311 1030 2385 nemine
1054 2336 1186 2385 sexum
1204 2336 1225 2383 e

159 2431 272 2509 tullu
286 2447 516 2536 agnoscente,
535 2433 576 2505 in
594 2430 745 2505 domum
758 2430 906 2525 tyranni
922 2426 1100 2530 pervenit,
1126 2454 1229 2503 eum-

160 2566 250 2642 que
270 2554 410 2628 nudum
432 2548 768 2650 incustoditumque
788 2547 971 2623 interficit.
1021 2546 1229 2621 Melitenses

161 2654 371 2774 Aritygitem
396 2695 532 2747 corona
551 2669 746 2763 decorant,
771 2669 1004 2766 Paeanasque
1029 2663 1229 2739 accinendo
1326 2670 1329 2677 '

165 2777 363 2867 deducunt.
399 2790 554 2865 cadaver
585 2788 735 2889 tyranni
766 2788 808 2861 in
839 2785 976 2863 flumen
1000 2784 1228 2885 demergunt,

170 2911 271 3000 qnod
304 2911 353 2986 ab
388 2937 432 2984 eo
465 2935 580 3009 usque
613 2922 776 3009 tempore
811 2903 998 3005 hodieque
1030 2904 1230 2977 Tartarum

177 3044 314 3106 vocent.
363 3031 502 3130 Corpus
528 3042 650 3101 autem
675 3025 860 3129 Aspalidis
884 3024 933 3097 ael
954 3021 1146 3098 honestam
1172 3046 1230 3095 se-

109 3236 111 3247 .
184 3147 355 3242 vulturam
378 3174 521 3222 summo
555 3145 675 3220 studio
704 3145 949 3245 requirentes,
981 3142 1150 3243 nuspiam
1173 3140 1232 3210 in-

190 3270 295 3345 venne
319 3281 537 3372 potuerunt,
573 3264 674 3363 quod
703 3265 746 3353 id
769 3265 871 3345 Deus,
892 3261 939 3337 de
962 3260 1086 3336 medio
1112 3270 1233 3333 sustu-

189 3379 283 3464 lisset.
332 3388 435 3464 Loco
469 3399 590 3458 autem
622 3383 785 3485 corporis
818 3395 937 3457 statua
963 3380 1070 3453 iuxta
1094 3376 1232 3464 Dianae

109 3594 111 3601 Ι
185 3519 270 3582 stans
293 3506 482 3610 apparuit:
516 3502 630 3602 idque
662 3501 901 3575 simulacrum
923 3495 1066 3571 incolae
1090 3492 1234 3594 Aspeli-

182 3625 259 3701 dem
281 3640 427 3720 vocent,
449 3623 680 3716 Ameiletam,
705 3633 743 3693 et
757 3620 1000 3718 Hecaergam:
1026 3627 1064 3687 et
1080 3627 1235 3713 quotan-

178 3745 234 3823 nis
267 3747 432 3846 virgines
467 3741 630 3816 hoedum
655 3740 838 3814 'intactum
871 3739 911 3809 iu
944 3736 1022 3809 eius
1046 3730 1235 3825 honorem,

177 3867 417 3971 praecipitem
442 3863 592 3961 dabant,
618 3859 718 3963 quod
739 3874 775 3934 ct
792 3855 935 3977 Aspalis
955 3856 1060 3957 virgo
1081 3853 1235 3954 seipsam
