2670 4688
545 342 559 377 ,
1064 290 1140 351 m

59 446 191 527 studet
208 444 411 528 Cra‘uz'erus
425 444 581 530 Historr.
599 444 748 528 Graece.
764 444 909 555 Fragm.
921 444 1009 556 pag.
1019 452 1070 531 42
1081 482 1136 560 sq.

60 553 173 649 (tuae
195 550 568 649 coniecturavidetur
590 555 860 656 quodammodo
876 557 1017 635 {irnori
1032 585 1139 661 posse

60 655 197 731 ⁷uerbis
221 656 400 760 Stephani
430 658 629 754 Byzantini
660 658 701 732 in
729 657 847 752 Οἵνηε
873 659 991 754 Οἴνη,
1028 660 1140 750 πόλις

50 757 223 856 ’Ἄργους
249 759 449 848 Ἑκαταῖος
473 759 654 859 ἱστοριῶν
678 758 820 858 πρώτῳ.
871 760 1008 862 Neque
1025 789 1140 865 repu-

64 861 209 935 dianda
235 877 289 936 est
313 862 492 938 sententia
507 863 625 937 Bastii
639 860 755 963 Epist.
775 863 864 937 Grit.
883 886 972 965 pag.⁴
986 866 1065 941 200
1080 888 1140 968 sq.¹
1208 938 1211 945 .

66 961 131 1039 ed.
145 963 316 1038 Wiedeh.
341 963 509 1039 fabulam
528 965 628 1039 XLI.
655 989 704 1037 ex
722 963 909 1039 Nicandro
935 964 1140 1044 maximam

66 1079 214 1244 partem
235 1068 506 1170 transcripsisse
523 1066 761 1160 Antoninum,
786 1066 856 1140 ubi
873 1070 1141 1168 comparaveris

103 1167 263 1243 olluoom
285 1168 472 1249 Onomast.
496 1168 564 1244 lib.
579 1167 625 1257 V,
651 1193 735 1271 pag.
751 1166 839 1246 495.
857 1169 915 1244 ed.
932 1170 1140 1248 Hsmstern

12 1365 15 1369 ¹
68 1268 177 1344 ldem
200 1271 361 1346 coniecit
378 1270 622 1349 Schneiderus
646 1267 957 1351 inssibl.1>hs·lol.
976 1273 1138 1376 Gotting.

69 1370 196 1463 1115·
220 1397 307 1475 pag.
332 1373 423 1459 436.
596 1426 660 1468 ·.·
721 1424 726 1428 -
856 1425 860 1431 -
1053 1419 1065 1425 ·-
1100 1414 1142 1479 ,-

27 1543 31 1548 .
177 1473 288 1570 Quod
319 1498 408 1552 voro
440 1474 591 1551 fabulae
620 1475 713 1580 ,illae
749 1477 966 1552 auctoritate
1001 1491 1142 1574 carent‚·

69 1601 151 1652 non
173 1577 226 1651 ita
251 1575 349 1653 mihi
373 1578 532 1680 explico,
550 1594 600 1655 ut
624 1600 710 1653 cum
726 1579 949 1654 Mellmanno
974 1605 1060 1682 pag.
1078 1583 1140 1658 91.

68 1694 283 1782 temporum
314 1681 471 1756 iniuriae
504 1681 546 1755 id
570 1680 817 1756 tribuendum
839 1697 929 1756 'esse
953 1682 1015 1756 vol
1049 1682 1141 1758 adeo

70 1806 156 1856 non
176 1774 363 1882 'integrum
386 1807 453 1858 nos
483 1779 624 1857 habero
639 1803 641 1807 ·
655 1782 827 1857 libellum
851 1799 1017 1860 statuam.
1068 1788 1143 1861 Res

72 1885 131 1961 ita
150 1910 192 1959 so.
206 1883 334 1975 hahet.
358 1883 564 1963 Antoninus
590 1910 676 1960 cum
699 1886 925 1960 narrationes
952 1878 1006 1961 ex'
1026 1889 1149 1962 variis
1224 1904 1230 1912 '

71 1987 320 2090 scriptoribus
335 1988 527 2091 repeteret,
546 1989 706 2090 pressius
722 2013 808 2062 sane
822 1987 922 2091 ipsos
940 1989 1147 2090 aliquando¹
1234 1989 1237 1997 '

70 2106 221 2167 secutus
254 2105 342 2189 est,
363 2090 530 2166 modum-
549 2090 640 2167 adeo
672 2105 783 2191 atque
816 2092 984 2166 ordinem
1014 2116 1142 2167 rerum

19 2237 25 2249 -
71 2207 316 2293 tractatarum
340 2190 498 2270 sei-vans:
549 2193 632 2268 Hoc
660 2194 815 2294 quidem
838 2194 1055 2296 plerumque
1080 2194 1151 2293 saa(

72 2311 180 2373 etum
204 2311 278 2394 est,
319 2295 389 2383 ubi
412 2320 528 2371 unum
552 2311 740 2391 auctorem
765 2297 912 2370 disertis
937 2298 1062 2371 verbis
1090 2296 1140 2370 ab'

46 2424 122 2476 ,oo
146 2400 354 2474 indicatum
377 2394 605 2508 reperimus,
631 2393 697 2473 sed
715 2398 966 2502 ¹plurimorum
990 2400 1143 2474 uomina
1244 2421 1249 2434 ’

71 2501 148 2577 nbi
173 2504 399 2604 praescripta
423 2517 539 2596 stmt,
559 2515 748 2609 tamquam
773 2526 852 2601 cap.
877 2501 1070 2597 xxtllt),
1104 2516 1142 2578 et

75 2620 291 2681 accuratam
316 2603 568 2705 diligentiam,
586 2618 624 2678 ot
637 2597 788 2680 'oerum
805 2602 974 2677 ordinem
997 2604 1162 2702 deside-7

73 2733 216 2785 ramus.
253 2707 347 2782 Hac
375 2708 517 2781 ratione
542 2732 630 2780 num
656 2706 861 2782 dissensum
886 2720 1076 2780 auctorum
1100 2706 1143 2780 in
1232 2771 1234 2774 ,

73 2810 211 2888 eodem
228 2824 440 2911 argumento
455 2823 582 2884 notare
596 2803 822 2905 voluerit‚'id
838 2809 941 2910 quod
957 2806 1145 2881 aParthe«

74 2915 145 2991 nio
160 2913 301 2989 factum
314 2913 462 3008 scimus,
487 2912 668 2987 incertum
684 2928 748 2987 est.
782 2908 925 2984 Deinde
939 2906 1011 2984 hoc
1027 2912 1140 2986 etiam

72 3031 210 3094 notatu
224 3015 399 3116 dignum,
421 3014 520 3116 quod
534 3015 574 3087 in
589 3014 671 3088 aliis
686 3013 824 3088 fabulis
836 3026 952 3088 un'um
967 3014 1151 3088 eundem*

75 3145 156 3221 que
174 3117 402 3220 scriptorem,
432 3117 549 3191 veluti
564 3117 715 3212 Boeum,
736 3116 975 3212 Nicandrum,
1002 3117 1156 3210 addito,

74 3224 124 3301 in
149 3216 233 3295 aliis
258 3220 392 3294 omisso
416 3219 515 3293 libro
540 3221 766 3294 memoravit
815 3220 858 3293 In
882 3216 941 3293 his
957 3219 1144 3318 >equidem

73 3323 171 3401 nolo
195 3324 369 3423 argutari.
412 3321 507 3397 Nam
531 3321 601 3394 ubi
623 3321 764 3397 librum
790 3323 949 3394 auctoris
970 3321 1150 3395 distincta·
1274 3325 1277 3328 ’

76 3425 230 3502 addidit
250 3423 475 3518 Antoninus,
507 3423 672 3498 tabulam
703 3425 743 3497 in
768 3424 898 3499 eodem
922 3423 1008 3496 data
1033 3447 1145 3524 opera

74 3542 277 3604 tractatam
290 3526 404 3601 fuisse
419 3522 651 3622 crediderim,
676 3526 734 3600 sin
747 3527 880 3611 minus,
897 3523 1064 3597 fabulam
1080 3539 1144 3601 aut
1175 3516 1181 3535 “

75 3632 125 3711 in
137 3628 310 3743 pluribus
326 3629 435 3709 libris
451 3628 615 3707 eiusdem
636 3630 796 3707 auctoris
818 3641 1004 3704 narratam
1027 3626 1143 3703 fuisso
1197 3673 1200 3678 -

125 3884 160 3976 ο)
183 3894 268 3974 Quae
277 3904 427 3979 postremo
442 3891 486 3952 ibi
502 3887 700 3954 adiecturum
720 3873 762 3958 'dc
776 3905 855 3967 φησι
872 3872 1041 3969 Πάμφίλος
1063 3881 1098 3948 ἐν
1111 3873 1153 3952 ci..
1215 3966 1217 3970 .

172 3999 208 4040 ea
227 3979 381 4041 ostendero
401 3999 497 4063 supra,
510 3999 580 4062 pag.
601 3979 739 4041 xxvm.
759 3973 878 4051 monui,
906 3977 1059 4037 Antonino
1081 3974 1162 4041 non'

106 4076 109 4081 '
175 4079 243 4128 ante
263 4064 367 4129 oculos
387 4066 479 4130 faisse
491 4064 645 4149 Apollonii
666 4064 894 4148 Epigrammata,
915 4085 991 4146 quae
1010 4061 1163 4128 fortassis.

144 4194 156 4237 .·
172 4153 235 4219 im
255 4167 321 4221 tum
340 4155 585 4227 desiderabantur
606 4165 658 4219 aut
678 4153 787 4226 rariora
807 4163 902 4218 mann
1016 4213 1021 4223 ,
1103 4214 1108 4224 ,
1158 4170 1163 4177 ·
