2670 4688
166 500 1187 723 ³“uulcunausJ‘s

148 734 154 756 ”
278 847 281 852 ¹
390 763 846 846 ‚naereses

137 901 258 1046 Quod
283 946 620 1027 animadversiones
645 965 788 1028 nosuas
807 949 855 1028 ad
873 947 975 1028 huno
991 937 1182 1052 Mytholo·

136 1071 216 1149 gum,
240 1075 354 1150 quem
378 1079 457 1128 esse
474 1055 678 1130 Antonium
690 1055 823 1150 illum,
843 1054 900 1135 de.
912 1080 986 1155 quo
1003 1055 1046 1130 iu
1065 1053 1184 1131 Chro-
1232 1139 1237 1145 ,

136 1151 202 1226 nice
215 1152 438 1251 Eusebiano,
464 1172 501 1232 et
517 1158 651 1234 Illustr.
672 1156 879 1236 Raetorum
894 1157 1062 1233 indiculo
1082 1158 1184 1260 apud

138 1249 337 1332 Suetonium·
352 1258 396 1332 fit
416 1260 568 1356 mentio,
593 1261 746 1362 quidam
769 1261 912 1361 uolunt,
933 1259 1059 1369 lucam
1083 1262 1185 1364 aspi-

139 1359 462 1463 cers-simjpassus,
486 1389 562 1438 non
584 1374 765 1442 tammea
779 1365 888 1461 scito,
914 1376 1029 1463 quant
1042 1365 1184 1439 amico-

139 1480 204 1534 rum
224 1478 353 1564 sponte
377 1463 530 1541 factum.
566 1463 728 1544 Odorari
743 1493 785 1542 se
799 1493 862 1542 ‘ex
884 1465 1021 1544 nobilis
1046 1466 1186 1542 nostris
1268 1451 1271 1455 ⁸
1307 1469 1315 1489 ''

141 1559 182 1659 tl
190 1564 375 1665 Hyginum
396 1567 547 1644 aiebant
571 1571 719 1688 ruspari
736 1569 870 1645 audere
895 1595 956 1647 ma
981 1569 1184 1670 antiquita·
1254 1588 1256 1592 ’

141 1673 215 1742 lem:
238 1682 281 1742 ut
297 1668 340 1743 in
355 1669 499 1745 Latinis
516 1698 568 1745 nu
595 1698 707 1769 erius,
730 1673 786 1746 ita
802 1697 902 1748 nunc
919 1686 958 1747 et
972 1671 1014 1747 iu
1032 1671 1183 1751 Graecis

141 1764 181 1840 eh·
222 1769 269 1845 od
284 1769 414 1846 darem
428 1698 672 1875 praelurllum
699 1773 877 1870 Quamvis
886 1773 1100 1874 Hyginiana
1112 1773 1183 1851 illa

144 1891 196 1971 ope
220 1896 258 1969 a,
281 1875 384 1974 quod
407 1875 650 1995 deproperare
671 1877 847 1981 pleraque
871 1878 913 1952 in
935 1900 979 1952 ea
1001 1890 1039 1951 et
1058 1875 1183 1951 minus

144 1990 249 2051 exerta
271 1979 365 2074 sint,
397 1981 540 2055 nemim
568 1982 711 2077 minus,
732 2005 858 2081 ³quam
889 1974 987 2054 mihi
1016 1977 1183 2080 placeat,
1295 2032 1296 2037 ,

144 2074 265 2154 uacare
279 2095 405 2156 tamen
419 2081 505 2157 illos
524 2084 675 2158 taudem
691 2083 850 2159 nimium
866 2082 985 2157 nostri
1001 2081 1183 2162 studiosos

143 2173 290 2278 iussi,2et
312 2182 484 2267 mihimet
502 2187 601 2291 ipse,
626 2202 669 2263 ut
685 2187 877 2263 'crederem
900 2210 968 2260 eos
986 2185 1029 2261 in
1056 2210 1184 2266 amore

145 2279 233 2360 etiem
245 2286 423 2385 iudicare,
434 2330 437 2335 ·
447 2288 654 2390 imperavi=
678 2288 763 2366 Non
778 2288 924 2365 enimis
940 2312 1036 2383 sum,
1053 2287 1120 2388 qui
1134 2286 1183 2367 da

144 2384 400 2482 prudentiorum
411 2391 553 2470 iudicio
568 2391 667 2468 ferre
681 2393 900 2467 sententiam
911 2389 1072 2467 libenter
1086 2387 1183 2466 mihi

144 2492 335 2586 permittam.
386 2493 457 2572 An
478 2494 631 2596 aliquod
663 2520 796 2598 operae
828 2493 983 2569 fecerim
1007 2492 1183 2594 pretium,

143 2598 227 2669 mum
246 2613 334 2692 esto,
359 2597 542 2673 benevole
555 2598 710 2692 Lector,
725 2594 805 2672 'ubi
827 2621 914 2671 cum
930 2593 1075 2670 duabus
1091 2595 1181 2690 illis,
1232 2619 1240 2695 ‚'

145 2711 219 2789 quse
236 2699 389 2775 antehae
404 2701 640 2804 prodierunt,
665 2697 891 2799 editionibus
903 2693 1001 2773 hanc
1016 2695 1187 2804 contule-3
1244 2794 1248 2806 .

143 2793 195 2892 15⁸,
214 2802 416 2879 arbitrium.
454 2804 671 2882 Accuratior
688 2796 851 2904 quidem,
871 2815 913 2877 ut
928 2797 1070 2894 debuit,
1093 2799 1183 2891 Lot

143 2891 243 2979 densis
258 2906 325 2982 illa
341 2933 501 3009 nupera3
528 2908 594 2983 sed
614 2922 659 2983 ut
678 2921 734 2985 est
757 2903 1004 2983 humanorum
1029 2926 1183 3004 operum

142 3002 294 3106 corditio,
311 3012 438 3085 naevis
454 3012 605 3086 interim
620 3010 697 3086 suis
711 3034 787 3085 non
807 3022 916 3115 caret.
948 3005 1012 3089 Sic
1027 3031 1097 3081 nec
1112 3031 1182 3107 ega

143 3108 267 3184 ummo
282 3113 383 3212 qaod
397 3113 501 3187 volui
517 3113 710 3190 adsecutus
724 3137 838 3206 sum.;.
853 3125 891 3186 at
902 3109 1182 3187 eminuseerte

141 3225 209 3283 tum
221 3213 358 3312 sedule,
371 3230 416 3291 ut
432 3241 647 3319 perpaucas,
664 3241 760 3318 quaa
775 3217 818 3290 in
832 3212 1010 3290 Antonini
1022 3211 1182 3286 lectione

140 3319 297 3392 remorari
317 3333 354 3393 ta
370 3333 529 3437 possent,
554 3320 804 3420 relinquerem
819 3313 993 3393 salebras.
1025 3315 1083 3387 De
1100 3313 1182 3408 Hy·
1278 3371 1284 3392 .

141 3409 208 3526 gitti
224 3417 385 3496 fabulari
404 3419 561 3497 historia
587 3422 650 3497 lon
676 3449 698 3496 e
725 3421 832 3496 aliter
856 3419 985 3495 sentio.
1023 3415 1119 3492 Nam
1138 3415 1182 3500 iu
1280 3508 1284 3521 Ι

140 3524 199 3588 ¹⁸10
216 3524 349 3626 scripto
374 3524 561 3625 quicquid.
583 3447 783 3627 perlucerit
802 3519 1002 3616 Micyllus,
1027 3532 1065 3593 et
1088 3517 1182 3594 Bar-

139 3607 234 3719 thius,
250 3641 288 3701 et
302 3627 356 3703 Gl.
373 3625 604 3720 Schefferus;
625 3625 807 3728 quicquid
820 3650 888 3700 nos
903 3619 1185 3717 tentaverimus,

137 3716 339 3826 reliquimus
367 3731 423 3806 sic
449 3731 560 3808 etiam
584 3729 708 3831 ipsum
733 3727 796 3827 (id
823 3723 925 3828 quod
952 3723 999 3800 de
1022 3720 1187 3809 Rhetore

137 3816 213 3901 olim
227 3829 368 3917 Seneca
391 3833 540 3936 scripsit
559 3831 655 3907 illud
669 3831 862 3910 Musarum
881 3824 1072 3912 corculum
1087 3827 1184 3903 Gro-

134 3931 274 4029 novius)
297 3935 441 4035 Augias
460 3934 658 4011 stabulum
701 3931 812 4028 Quod
834 3931 870 4015 'si
891 3927 988 4005 milri
1006 3929 1070 4013 ille
1090 3955 1185 4004 παν·
1274 3998 1281 4012 ,

124 4021 276 4124 ‘bruslor
291 4037 449 4112 tamdiu
459 4064 650 4140 superesse
665 4034 852 4129 voluerit,
868 4031 987 4111 donec
1001 4028 1186 4131 δευτέρας

129 4125 210 4227 deur
219 4137 445 4239 mamilae,
458 4167 566 4244 spero
585 4140 683 4239 lere,
697 4153 742 4219 ut
755 4137 893 4249 melitis.
904 4136 1036 4225 litem.
1045 4135 1189 4253 Quam<
