2670 4688
137 233 180 299 58

136 433 277 485 sacrum
304 409 438 487 Veneri
465 408 656 507 Ctesyllae.‘
690 410 772 489 Ceis
793 413 904 489 etiam
924 415 1113 493 oraculum
1136 417 1238 493 da—

36 590 39 595 .
139 546 218 604 tum
243 546 314 625 est:
341 529 454 632 hique
482 535 681 608 etiamnum
706 535 843 609 Veneri
868 536 1091 631 sacrificant,
1119 539 1238 612 Cte—

136 651 267 746 syllam
292 677 374 724 eam
399 652 633 754 appellantes,
661 654 726 727 alii
749 654 947 750 Ctesyllam
963 658 1226 759 Hecaergam.

238 770 325 845 Car.
350 772 392 845 Π.
429 772 770 872 Meleagridee.
817 773 961 851 Oeneus
987 775 1139 851 Penthei
1162 778 1215 851 F.

132 891 329 965 MartisN.
355 895 522 992 regnavit
549 890 748 988 Calydone.
781 921 830 969 ex
861 893 1015 970 Althaea
1052 893 1209 970 Thestii

21 1043 24 1052 ·
135 1011 211 1083 filia
235 1011 321 1085 tulit
338 1013 447 1108 filios,
473 1015 710 1115 Meleagrum,
730 1011 882 1109 Pherea,
908 1015 1100 1116 Agelaum,
1124 1017 1205 1090 To-

133 1157 263 1227 xeum,
287 1131 516 1227 Clymeuurm
542 1149 579 1209 et
602 1132 879 1235 Periphantem:
906 1126 1001 1209 filias
1028 1118 1199 1236 Gorge'rn,

133 1250 381 1347 Eurimedam,
407 1253 630 1346 Deianiram,
655 1252 912 1365 Melanippam.
937 1255 986 1329 Is
1013 1280 1116 1345 oum.
1118 1256 1198 1357 pri-

131 1372 255 1449 mitias
272 1372 423 1472 frugum
438 1399 506 1474 pro
523 1373 672 1472 regione
692 1372 764 1451 diis
785 1371 946 1468 offerret,
973 1373 1111 1465 ohlitus
1130 1373 1197 1447 fuit

134 1488 298 1583 Dianae.
316 1517 409 1591 quae
435 1493 542 1587 irata,
567 1512 699 1594 aprum
720 1493 886 1588 immisit,
911 1495 980 1594 qui
1003 1509 1041 1569 et
1064 1509 1198 1575 terren

136 1610 305 1707 vastarit,
332 1627 368 1685 et
392 1611 529 1687 multos
553 1611 749 1691 interfecit
791 1596 930 1688 lcoireo
956 1613 1163 1714 Meleager
1165 1628 1198 1693 et

134 1708 283 1825 Thestii
306 1731 376 1805 ιιιιι
400 1735 536 1807 virtute
543 1733 921 1834 praestantissimose
941 1733 1095 1809 Graecia
1113 1759 1198 1809 con-

134 1851 334 1947 duxerunt,
357 1853 438 1954 apri
457 1853 537 1927 eius
557 1852 751 1931 occidendi
767 1855 897 1952 gratia
919 1855 988 1957 qui
1008 1879 1097 1933 cum
1110 1879 1198 1929 oon

132 1972 329 2064 uenissent,
355 1986 393 2045 et
410 1996 541 2083 aprum
554 1987 755 2065 necassent,
773 1972 957 2073 Meleager
967 1998 1106 2063 ¹carnes
1120 1975 1197 2049 eius

131 2091 336 2184 (ιιιιιιιιιιιι,
362 2107 475 2201 caput
495 2107 618 2173 autem
634 2106 671 2164 et
692 2091 828 2193 pellem
846 2092 920 2166 sihi
939 2095 1078 2169 eximia
1092 2120 1198 2196 prae-¹

130 2210 314 2322 miiloeo
348 2212 528 2285 servavit·
568 2211 689 2285 Diana
715 2228 856 2307 autem,
887 2215 946 2287 ira
971 2213 1020 2287 ob
1047 2214 1198 2293 caedem

131 2296 226 2425 sacri
250 2316 332 2431 apri
349 2346 466 2425 aucta,
491 2331 619 2421 rixam
635 2333 732 2407 inter
750 2359 827 2419 eos
837 2333 1025 2408 excitavit.
1051 2333 1198 2417 Etenim

130 2448 280 2535 Thestii
303 2449 373 2523 filii
398 2477 439 2527 ao
464 2450 601 2585 reliqui
621 2452 769 2527 Curetes
787 2450 924 2553 pellem
948 2467 1198 2573 attractatam,

129 2548 326 2679 dimidium
356 2572 607 2672 praemiorum
639 2572 688 2645 ad
720 2598 758 2645 se
792 2572 974 2672 pertinere
1014 2546 1205 2661 dicentis:

129 2658 210 2787 sed
217 2689 465 2790 Meleager
428 2718 474 2765 vr
493 2716 536 2764 ea
562 2691 712 2775 ademit,
740 2717 784 2764 ao
809 2691 904 2764 filios
924 2689 1072 2766 Thestii
1097 2719 1197 2785 ocor-

129 2810 216 2895 (ιιι.Ι
239 2809 319 2883 Ηοο
346 2811 534 2884 occasione
558 2809 702 2885 bellurn
727 2812 823 2884 inter
850 2810 998 2893 Curetes
1024 2827 1063 2885 et
1086 2813 1198 2909 Caly-

129 2896 273 3024 deuios
294 2944 417 3003 ortum
449 2929 611 3030 estred
642 2930 743 3029 quod
767 2931 951 3031 Meleager
983 2958 1058 3005 non
1090 2935 1196 3029 exiit,

126 3052 241 3137 iratus
275 3047 323 3121 ob
356 3049 455 3124 diras
482 3023 661 3150 quihus
648 3077 772 3152 ipsum
804 3066 922 3124 mater
946 3067 1109 3153 propter
1120 3053 1197 3149 sra-

91 3230 94 3235 ⁴
126 3184 227 3244 trum
251 3194 380 3244 necem
405 3169 611 3245 devoverat.
666 3168 759 3244 Cum
792 3185 913 3249 autem
939 3171 1136 3251 Curetes
1123 3160 1197 3259 ram

127 3303 246 3381 essent
270 3289 403 3364 urbem
423 3291 593 3392 capturi,¹
606 3315 703 3364 uxor
724 3289 915 3393 Cleopatra
941 3292 978 3364 ei
1002 3296 1196 3392 persuasit,

126 3425 169 3485 ut
184 3490 188 3499 ,
205 3408 425 3504 Calydonios
458 3424 632 3483 tueretur.
692 3411 867 3511 Egressus
909 3426 1031 3487 autem
1069 3397 1196 3499 contra

127 3529 460 3632 Curetas,'periit:
495 3544 655 3604 cremata
688 3545 857 3613 amatre
882 3531 985 3627 face,
1008 3534 1196 3632 quameei

126 3651 261 3731 Parcae
294 3649 481 3741 dederant.
507 3646 694 3729 namfhoc
729 3649 846 3725 satum
870 3651 1057 3753 Meleagro·
1077 3651 1196 3741 dede,-

124 3782 224 3864 rant,
246 3785 288 3842 ut
312 3769 454 3844 tamdiu
479 3771 642 3864 viveret,
668 3795 780 3870 quam
806 3770 871 3869 diu
892 3770 961 3846 fax
985 3773 1056 3848 ista
1080 3771 1209 3867 dura3'

128 3904 201 3973 retr·
224 3888 398 3990 „Reliqui
429 3891 541 3965 etiam
567 3889 685 3967 Oenei
715 3890 857 3975 filiiin
885 3915 1014 3992 pugna
1037 3906 1193 3969 mortem

51 4000 55 4005 ⁴
128 4009 375 4110 oppetierunt:
410 4012 668 4110 maximusque
700 4009 799 4111 apud
825 4009 1046 4105 Calydonios
1071 4002 1192 4115 ιιιοιιιι

129 4126 308 4231 Meleagri
340 4154 450 4207 causa
483 4130 616 4205 extitit.
671 4130 821 4205 Sorores
847 4147 970 4207 autem
997 4132 1045 4207 ad
1070 4128 1193 4235 sepul.
