2670 4688
152 106 199 177 m
241 138 244 143 ,

37 378 40 383 ¹
152 278 331 383 effulgens
353 276 462 381 ignis.
486 275 639 380 fierique
657 273 715 354 'itl
746 272 959 359 fabulantur
990 288 1091 375 tum,
1124 296 1204 355 oum

152 401 297 501 sanguis
323 397 368 472 de
388 399 492 471 lovis
519 412 628 500 partu
652 395 870 473 effervescit.
922 395 1102 472 Obtinont
1128 424 1206 500 spe·

151 520 298 595 bmoam
322 543 404 593 eam
428 541 552 592 sacrae
577 542 676 619 apes,
702 518 804 592 lovis
828 518 1000 591 nutrices.
1039 517 1122 591 Hoc
1135 538 1207 591 an-

150 652 250 715 trum
272 638 409 734 intrare
434 637 515 710 ausi
538 651 623 711 sunt
643 636 770 731 Laius,
796 630 937 729 Celeus,
958 649 1000 709 et
1015 634 1209 733 cerberus,

151 770 190 833 et
202 756 389 858 megalius,
406 754 671 857 quamplurimi
685 753 805 829 mellis
821 751 1064 829 exhauriendi
1081 779 1207 831 causa:

38 864 41 869 ¹
148 891 201 951 et*
221 875 436 978 emporibus
471 873 635 975 undique
670 898 752 947 aere
786 873 959 969 obtectis,
990 872 1065 947 mel
1098 899 1209 977 apum

148 992 367 1090 hauserunt,
401 994 576 1093 lorisque
600 991 772 1067 viderunt
796 986 991 1067 cunabula.
1045 991 1148 1066 Tum
1172 1008 1208 1068 et

147 1140 208 1189 aes
240 1114 340 1189 circa
372 1137 499 1186 eorum
530 1125 681 1214 ruptum
712 1126 769 1186 est
800 1134 970 1213 eorpora:
1005 1124 1043 1185 et
1064 1111 1209 1213 Jupiter

145 1234 325 1326 intonuit,
357 1231 570 1332 fulmenque
601 1229 770 1305 intendit.
794 1229 860 1303 scd
891 1254 979 1304 eum
994 1229 1148 1305 Parcae·
1164 1256 1209 1307 ne

144 1349 487 1445 Fasinbibuerunt,
513 1349 616 1451 quod
632 1349 688 1424 las
707 1373 782 1423 non
800 1354 893 1423 esset
913 1373 956 1422 eo
981 1347 1064 1423 loco
1090 1376 1208 1450 quen·

145 1494 258 1570 quam
281 1471 387 1545 mori.
421 1470 519 1570 Ergo
543 1470 686 1571 Jupiter
711 1492 776 1542 eos·
798 1490 923 1542 omnes
940 1467 982 1540 in
999 1465 1127 1543 avium
1140 1492 1208 1545 tra-

143 1604 265 1665 tutam
276 1588 478 1665 transtulit:
498 1587 546 1663 ab
567 1589 687 1688 iisque
702 1600 787 1661 sunt
806 1608 939 1687 genera
954 1586 1100 1683 avium,
1112 1576 1210 1689 quae.

141 1707 221 1794 leil,
248 1708 395 1783 coloeoi
406 1707 466 1800 (id
481 1722 535 1782 est
553 1707 725 1808 graculi),
752 1705 908 1801 cerberi,
934 1720 970 1779 et
986 1706 1207 1811 aegoliimpy

141 1843 283 1907 eanum.
307 1841 466 1926 suntque
490 1824 582 1900 boni
607 1824 781 1925 auspicii:
808 1840 845 1899 et
868 1849 956 1928 prae
982 1825 1065 1901 aliis
1089 1824 1204 1905 rebus

140 1946 241 2045 quod
263 1942 480 2048 praedicunt
504 1941 708 2046 perficiunt,
733 1962 778 2015 eo
803 1947 905 2043 quod
925 1945 1026 2019 lovis
1040 1946 1202 2049 'sangui-

138 2090 225 2139 nem
237 2064 425 2141 ¹uiderunt.
453 2065 573 2158 Haec,
599 2071 638 2137 et
651 2061 881 2163 praecedens
895 2062 1082 2161 namatio,
1097 2064 1204 2145 :Boei

25 2278 30 2285 ἱ
139 2192 285 2276 eet,..ex
300 2210 341 2256 eo
367 2209 477 2279 quem
497 2179 672 2282 proxime
689 2179 895 2263 citavimus
912 2182 1029 2259 litto,
1052 2178 1203 2293 'Ibidem

137 2304 318 2407 rffertur,
345 2302 446 2402 quod
464 2312 502 2380 el
518 2300 699 2391 Simmiae
713 2299 887 2384 Rhodius
901 2300 1082 2404 Apolline
1099 2330 1201 2379 eom

8 2456 12 2467 ¹
136 2432 329 2501 uenerat.
379 2454 382 2465 ⁴

237 2542 327 2620 Car.
350 2542 441 2619 XX.
497 2543 548 2617 Ol
554 2538 693 2617 einis.
743 2540 855 2644 Apud
870 2540 1102 2638 Babylonem
1118 2543 1201 2621 Μο-

133 2663 354 2764 sopotamiae
379 2658 511 2737 urbem
534 2657 718 2736 habitavit
743 2661 911 2747 Cleinis,.
925 2661 986 2737 vir
1009 2662 1083 2739 diis
1110 2660 1200 2743 eba-

133 2804 210 2872 rus,
236 2804 280 2855 ac
302 2780 511 2882 opulentus:
536 2780 664 2876 boum,
690 2780 887 2876 asinorum,
913 2782 1112 2882 oviumque
1136 2782 1200 2859 di·

130 2923 207 2974 ves.
230 2898 340 2973 Hunc
366 2900 503 2975 mirum
525 2901 568 2975 in
591 2898 742 2972 modum
766 2897 977 2977 dilexerunt
992 2900 1128 3002 Apollo
1142 2926 1200 2979 aa

129 3017 268 3093 Diana:
304 3042 347 3092 ao
371 3043 479 3121 saepe
504 3045 591 3094 oum
614 3018 696 3091 istis
721 3016 806 3092 diis
819 3019 919 3093 venit
944 3010 1198 3123 adtemptari

128 3134 324 3238 Apollinis,
349 3137 451 3237 quod
476 3153 530 3213 est
554 3136 653 3239 apud
676 3136 946 3238 Hyperboreos,
962 3136 1143 3239 ,viditque
1160 3140 1198 3215 ei

129 3254 250 3333 asinos
283 3255 479 3351 immolari.
536 3258 714 3331 Reversus
749 3255 999 3353 Babylonem,
1035 3256 1199 3353 intendit

4 3426 6 3431 -
126 3374 210 3477 ipse
235 3401 383 3477 quoque
400 3373 656 3476 Hyperborico
680 3374 757 3449 ritu
778 3374 943 3478 Apollini
966 3377 1195 3475 sacrificare:

128 3495 386 3595 asinorumque
411 3519 545 3596 magno
561 3519 713 3571 numero
730 3494 898 3569 victimas
915 3494 964 3570 ad
982 3520 1087 3571 aram
1104 3522 1198 3593 oon-2

127 3612 256 3713 stituit.
293 3614 512 3718 Supervenit
527 3612 673 3717 Apollo,
695 3628 925 3715 mortemque
949 3640 989 3689 se
1007 3615 1045 3691 ei
1065 3615 1198 3715 illatu-

126 3756 212 3806 rum
235 3733 393 3815 minatus
419 3748 484 3827 est,
509 3732 584 3806 nisi
607 3730 680 3807 hoc
705 3730 902 3806 abstineret
926 3732 1129 3811 sacrificio:
1158 3750 1196 3813 et

126 3875 196 3958 pro
220 3876 321 3928 more
348 3876 476 3958 capras
501 3849 587 3946 sibi,
613 3850 738 3946 boves,
765 3877 923 3952 ovesque
949 3850 1110 3931 offerret.
1138 3856 1195 3931 itu

128 3969 229 4048 enim
254 3995 293 4046 se
319 3970 504 4051 asinorum
527 3970 686 4074 gaudere
711 3970 972 4069 immolatione,
997 3974 1031 4049 si
1055 3999 1101 4050 ea
1126 3970 1196 4053 liat
